% Encoding: US-ASCII

@PhDThesis{achatz:adaptive,
  author  = {S. Achatz},
  title   = {Adaptive finite D\"{u}nngitter-Elemente h\"{o}herer Ordnung f\"{u}r elliptische partielle Differentialgleichungen mit variablen Koeffizienten},
  year    = 2003,
  school  = {TU Munich}
}

@Article{bangerth.rannacher:adaptive,
  author  = {W. Bangerth and R. Rannacher},
  title   = {Adaptive Finite Element Methods for Solving Differential Equations},
  journal = {Book, Birkh\"{a}user},
  year    = 2003
}

@Article{bangerth:starting,
  author  = {W. Bangerth},
  title   = {Starting threads in a C++ compatible fashion},
  journal = {C/C++ Users Journal},
  year    = 2003,
  pages   = {21--24}
}

@PhDThesis{calhoun-lopez:numerical,
  author  = {M. Calhoun-Lopez},
  title   = {Numerical solutions of hyperbolic conservation laws: Incorporating multi-resolution viscosity methods into the finite element framework},
  year    = 2003,
  school  = {Iowa State University}
}

@PhDThesis{carnes:adaptive,
  author  = {B. Carnes},
  title   = {Adaptive finite elements for nonlinear transport equations},
  year    = 2003,
  school  = {ICES, The University of Texas at Austin}
}

@Article{cockburn.kanschat.ea:ldg,
  author  = {B. Cockburn and G. Kanschat and D. Sch\"{o}tzau},
  title   = {LDG methods for Stokes flow problems},
  journal = {in Brezzi, Buffa, Corsaro, Murli: Numerical Mathematics and Advanced Applications: ENUMATH 2001, Springer Italia},
  year    = 2003
}

@Article{cockburn.kanschat.ea:local,
  author  = {B. Cockburn and G. Kanschat and D. Sch\"{o}tzau},
  title   = {The Local Discontinuous Galerkin Method for the Oseen Equations},
  journal = {Math. Comput.},
  year    = 2003,
  volume  = 73,
  pages   = {569--593}
}

@Article{gopalakrishnan.kanschat:application,
  author  = {J. Gopalakrishnan and G. Kanschat},
  title   = {Application of unified DG analysis to preconditioning DG methods},
  journal = {in Bathe: Computational Fluid and Solid Mechanics},
  year    = 2003,
  pages   = {1943--1945}
}

@Article{gopalakrishnan.kanschat:multi-level,
  author  = {J. Gopalakrishnan and G. Kanschat},
  title   = {Multi-level Preconditioners for the interior penalty method},
  journal = {in Brezzi, Buffa, Corsaro, Murli: Numerical Mathematics and Advanced Applications: ENUMATH 2001, Springer Italia},
  year    = 2003
}

@Article{gopalakrishnan.kanschat:multilevel,
  author  = {J. Gopalakrishnan and G. Kanschat},
  title   = {A Multilevel Discontinuous Galerkin Method},
  journal = {Numer. Math.},
  year    = 2003,
  volume  = 95,
  pages   = {527--550}
}

@Article{hartmann.houston:adaptive,
  author  = {R. Hartmann and P. Houston},
  title   = {Adaptive Discontinuous Galerkin Finite Element Methods for Nonlinear Hyperbolic Conservation Laws},
  journal = {SIAM J. Sci. Comput.},
  year    = 2003,
  volume  = 24,
  number  = 3,
  pages   = {979--1004},
  doi     = {10.1137/S1064827501389084}
}

@InProceedings{hartmann.houston:goal-oriented,
  author  = {Hartmann, R. and Houston, P.},
  title   = {Goal-Oriented A Posteriori Error Estimation for Compressible Fluid Flows},
  booktitle = {Numerical Mathematics and Advanced Applications},
  editor  = {Brezzi, Franco and Buffa, Annalisa and Corsaro, Stefania and Murli, Almerico},
  year    = 2003,
  pages   = {775--784},
  doi     = {10.1007/978-88-470-2089-4_70}
}

@InProceedings{hartmann.houston:goal-oriented*1,
  author  = {Hartmann, Ralf and Houston, Paul},
  title   = {Goal-Oriented A Posteriori Error Estimation for Multiple Target Functionals},
  booktitle = {Hyperbolic Problems: Theory, Numerics, Applications},
  editor  = {Hou, Thomas Y. and Tadmor, Eitan},
  year    = 2003,
  pages   = {579--588},
  url     = {http://link.springer.com/chapter/10.1007/978-3-642-55711-8_54},
  doi     = {10.1007/978-3-642-55711-8_54}
}

@Article{kanschat:discontinuous,
  author  = {G. Kanschat},
  title   = {Discontinuous Galerkin Finite Element Methods for Advection-Diffusion Problems},
  journal = {Habilitationsschrift, Universit\"{a}t Heidelberg},
  year    = 2003
}

@InProceedings{kanschat:preconditioning,
  author  = {G. Kanschat},
  title   = {Preconditioning discontinuous Galerkin saddle point systems},
  editor  = {K.J. Bathe},
  booktitle = {Computational Fluid and Solid Mechanics},
  year    = 2003,
  pages   = {2016--2018},
  doi     = {10.1016/B978-008044046-0.50494-2}
}

@Article{kanschat:preconditioning*1,
  author  = {G. Kanschat},
  title   = {Preconditioning methods for local discontinuous {G}alerkin Discretizations},
  journal = {SIAM J. Sci. Comput.},
  year    = 2003,
  volume  = 25,
  number  = 3,
  pages   = {815--831},
  doi     = {10.1137/S1064827502410657}
}

@Article{schneebeli.schotzau:mixed,
  author  = {A. Schneebeli and D. Sch\"{o}tzau},
  title   = {Mixed finite elements for incompressible magneto-hydrodynamics},
  journal = {Comptes Rendus Mathematique},
  year    = 2003,
  volume  = 337,
  pages   = {71--74}
}

@Article{stadler.holzapfel.ea:cn,
  author  = {M. Stadler and G. A. Holzapfel and J. Korelc},
  title   = {C$^{n}$ continuous modelling of smooth contact surfaces using NURBS and application to 2D problems},
  journal = {International Journal for Numerical Methods in Engineering},
  year    = 2003,
  volume  = 57,
  pages   = {2177--2203}
}

@Comment{jabref-meta: databaseType:bibtex;}
