% Encoding: US-ASCII

@TechReport{1999_0,
  author      = {W. Bangerth and G. Kanschat},
  title       = {Concepts for object-oriented finite element software - the \texttt{deal.II} library},
  institution = {IWR Heidelberg},
  year        = {1999},
  number      = {Preprint 99-43 (SFB 359)},
  url         = {http://citeseerx.ist.psu.edu/viewdoc/download?doi=10.1.1.136.7882&rep=rep1&type=pdf},
}

@Article{1999_1,
  author    = {W. Bangerth and R. Rannacher},
  title     = {Adaptive finite element approximation of the acoustic wave equation: Error estimation and mesh adaptation},
  journal   = {East-West Journal of Numerical Mathematics},
  year      = {1999},
  volume    = {7},
  pages     = {263--282},
  url       = {http://citeseerx.ist.psu.edu/viewdoc/download?doi=10.1.1.220.6982&rep=rep1&type=pdf},
}

@MastersThesis{1999_2,
  author    = {S. Nauber},
  title     = {Adaptive Finite Elemente Verfahren f\"{u}r selbstadjungierte Eigenwertprobleme},
  school    = {University of Heidelberg},
  year      = {1999},
}

@Comment{jabref-meta: databaseType:bibtex;}
