% Encoding: US-ASCII

@PhDThesis{2002:bangerth:adaptive,
  author  = {W. Bangerth},
  title   = {Adaptive Finite Element Methods for the Identification of Distributed Parameters in Partial Differential Equations},
  year    = 2002,
  school  = {University of Heidelberg}
}

@MastersThesis{2002:benkler:numerical,
  author  = {S. Benkler},
  title   = {Numerical solution of the nonlinear Hartree equation.},
  year    = 2002,
  school  = {ETH Zurich, Switzerland}
}

@InProceedings{2002:cockburn.kanschat.ea:local,
  author  = {B. Cockburn and G. Kanschat and D. Sch\"{o}tzau},
  title   = {The local discontinuous Galerkin method in incompressible fluid flow},
  booktitle = {Proceedings of the Fifth World Congress on Computational Mechanics (WCCM V)},
  editor  = {H.A. Mang and F.G. Rammerstorfer and J. Eberhardsteiner},
  address = {Vienna University of Technology},
  year    = 2002
}

@Article{2002:cockburn.kanschat.ea:local*1,
  author  = {B. Cockburn and G. Kanschat and D. Sch\"{o}tzau and C. Schwab},
  title   = {Local discontinuous Galerkin methods for the Stokes system},
  journal = {SIAM J. Numer. Anal.},
  year    = 2002,
  volume  = 40,
  number  = 1,
  pages   = {319--343},
  doi     = {10.1137/S0036142900380121}
}

@Article{2002:hartmann.houston:adaptive,
  author  = {R. Hartmann and P. Houston},
  title   = {Adaptive Discontinuous Galerkin Finite Element Methods for the Compressible Euler Equations},
  journal = {J. Comput. Phys.},
  year    = 2002,
  volume  = 183,
  pages   = {508--532},
  doi     = {10.1006/jcph.2002.7206}
}

@PhDThesis{2002:hartmann:adaptive,
  author  = {R. Hartmann},
  title   = {Adaptive Finite Element Methods for the Compressible Euler Equations},
  year    = 2002,
  school  = {University of Heidelberg},
  doi     = {10.11588/heidok.00002488}
}

@Article{2002:kanschat.rannacher:local,
  author  = {G. Kanschat and Rolf Rannacher},
  title   = {Local error analysis of the interior penalty discontinuous Galerkin method for second order elliptic problems},
  journal = {J. Numer. Math.},
  year    = 2002,
  volume  = 10,
  pages   = {249--274}
}

@Article{2002:mohamed.troyer.ea:interaction,
  author  = {F. Mohamed and M. Troyer and G. Blatter},
  title   = {Interaction of vortices in superconductors with kappa close to 1/sqrt(2),},
  journal = {Phys. Rev. B, article 224504},
  year    = 2002,
  volume  = 65
}

@Article{2002:shardlow:coupled,
  author  = {T. Shardlow},
  title   = {A coupled Cahn-Hilliard particle system},
  journal = {Electronic Journal of Differential Equations, No. 73},
  year    = 2002,
  volume  = 2002,
  pages   = {1--21}
}

@Article{2002:stadler.holzapfel:novel,
  author  = {M. Stadler and G. A. Holzapfel},
  title   = {A novel approach for smooth contact surfaces using NURBS: application to the FE simulation of stenting},
  journal = {Proceedings of the 13th Conference of the European Society of Biomechanics, 1-4 September 2002, Wroclaw, Poland},
  year    = 2002
}

@Comment{jabref-meta: databaseType:bibtex;}
