% Encoding: US-ASCII

@Article{dealii2019design,
  Title                    = {The {deal.II} finite element library: design, features, and insights},
  Author                   = {Daniel Arndt and Wolfgang Bangerth and Denis Davydov and Timo Heister and Luca Heltai and Martin Kronbichler and Matthias Maier and Jean-Paul Pelteret and Bruno Turcksin and David Wells},
  Journal                  = {Computers \& Mathematics with Applications},
  Year                     = {2021},
  Pages                    = {407-422},
  Volume                   = {81},
  Doi                      = {10.1016/j.camwa.2020.02.022},
  ISSN                     = {0898-1221},
  Url                      = {https://arxiv.org/abs/1910.13247}
}


@Comment{jabref-meta: databaseType:bibtex;}
