% Encoding: US-ASCII

@Article{alexe.sandu:space-time,
  author  = {M. Alexe and A. Sandu},
  title   = {Space-time adaptive solution of inverse problems with the discrete adjoint method},
  journal = {Technical Report TR-10-14, Computational Science Laboratory, Department of Computer Science, Virginia Tech},
  year    = {2010},
  volume  = {},
  pages   = {},
  url     = {},
  doi     = {}
}

@Article{alns.mardal:on,
  author  = {M. S. Aln\ae{}s and K.-A. Mardal},
  title   = {On the efficiency of symbolic computations combined with code generation for finite element methods},
  journal = {ACM Transactions on Mathematical Software, 8/1-26},
  year    = {2010},
  volume  = {37},
  pages   = {},
  url     = {},
  doi     = {}
}

@Article{arroyo.desimone.ea:role,
  author  = {M. Arroyo and A. DeSimone and L. Heltai},
  title   = {The role of membrane viscosity in the dynamics of fluid membranes},
  journal = {arXiv:1007.4934},
  year    = {2010},
  volume  = {},
  pages   = {},
  url     = {http://arxiv.org/abs/1007.4934},
  doi     = {}
}

@Article{balzera.werlingb:principles,
  author  = {J. Balzera and S. Werlingb},
  title   = {Principles of Shape from Specular Reflection},
  journal = {Measurement, issue 10, pp. 1305--1317},
  year    = {2010},
  volume  = {43},
  pages   = {},
  url     = {http://www.sciencedirect.com/science/article/pii/S0263224110001570},
  doi     = {}
}

@Article{bangerth.geiger.ea:adaptive,
  author  = {W. Bangerth and M. Geiger and R. Rannacher},
  title   = {Adaptive Galerkin finite element methods for the wave equation},
  journal = {Computational Methods in Applied Mathematics},
  year    = {2010},
  volume  = {10},
  pages   = {3--48},
  url     = {},
  doi     = {}
}

@Article{bartle.mcbride.ea:shell,
  author  = {S. Bartle and A. McBride and B. D. Reddy},
  title   = {Shell finite elements, with applications in biomechanics},
  journal = {In: Kok, S. (Ed.): Proceedings of 7th South African Conference on Computational and Applied Mechanics (University of Pretoria, Pretoria, South Africa)},
  year    = {2010},
  volume  = {},
  pages   = {},
  url     = {},
  doi     = {}
}

@Article{cangiani.natalini:spatial,
  author  = {A. Cangiani and R. Natalini},
  title   = {A spatial model of cellular molecular trafficking including active transport along microtubules},
  journal = {Journal of Theoretical Biology},
  year    = {2010},
  volume  = {267},
  pages   = {614--625},
  url     = {},
  doi     = {}
}

@Article{chauvin.saramito.ea:convergence,
  author  = {C. Chauvin and P. Saramito and C. Trophime},
  title   = {Convergence properties and numerical simulation by an adaptive FEM of the thermistor problem},
  journal = {hal-00449960, version 1},
  year    = {2010},
  volume  = {},
  pages   = {},
  url     = {https://hal.archives-ouvertes.fr/hal-00449960/},
  doi     = {}
}

@Article{chueh.secanell.ea:multi-level,
  author  = {C. C. Chueh and M. Secanell and W. Bangerth and N. Djilali},
  title   = {Multi-level Adaptive Simulation of Transient Two-phase Flow in Heterogeneous Porous Media},
  journal = {Computers and Fluids},
  year    = {2010},
  volume  = {39},
  pages   = {1585--1596},
  url     = {},
  doi     = {}
}

@PhDThesis{chueh:integrated,
  author  = {C. C. Chueh},
  title   = {Integrated adaptive numerical methods for transient two-phase flow in heterogeneous porous medi},
  year    = {2010},
  school  = {University of Victoria},
  url     = {}
}

@MastersThesis{dally:fe-modelladaptivitat,
  author  = {T. Dally},
  title   = {FE-Modelladaptivit\"{a}t f\"{u}r P-Laplace},
  year    = {2010},
  school  = {Universit\"{a}t Siegen, Germany},
  url     = {}
}

@Article{freddi.fremond:collision,
  author  = {F. Freddi and M. Fr\'{e}mond},
  title   = {Collision and Fractures: a predictive theory},
  journal = {European Journal of Mechanics - A/Solids},
  year    = {2010},
  volume  = {29},
  pages   = {998--1007},
  url     = {},
  doi     = {}
}

@Article{freddi.royer-carfagni:regularized,
  author  = {F. Freddi and G. Royer-Carfagni},
  title   = {Regularized Variational Theories of Fracture: a Unified Approach},
  journal = {Journal of the Mechanics and Physics of Solids},
  year    = {2010},
  volume  = {58},
  pages   = {1154--1174},
  url     = {},
  doi     = {}
}

@Article{freddi.royer-carfagni:variational,
  author  = {F. Freddi and G. Royer-Carfagni},
  title   = {A variational formulation for smeared fixed-crack models},
  journal = {Proceedings of the IGF Workshop ``Problematiche di Frattura nei Materiali per l'Ingegneria'', Giornata IGF Forni di Sopra},
  year    = {2010},
  volume  = {},
  pages   = {133--142},
  url     = {},
  doi     = {}
}

@Article{freyer.ale.ea:fast,
  author  = {M. Freyer and A. Ale and R. Schulz and M. Zientkowska and V. Ntziachristos and K.-H. Englmeier},
  title   = {Fast automatic segmentation of anatomical structures in x-ray computed tomography images to improve fluorescence molecular tomography reconstruction},
  journal = {Journal of Biomedical Optics, pp. 036006/1-8},
  year    = {2010},
  volume  = {15},
  pages   = {},
  url     = {},
  doi     = {}
}

@Article{garny.cooper.ea:toward,
  author  = {A. Garny and J. Cooper and P. J. Hunt},
  title   = {Toward a VPH/Physiome ToolKit},
  journal = {Wiley Interdisciplinary Reviews: Systems Biology and Medicine},
  year    = {2010},
  volume  = {2},
  pages   = {134--147},
  url     = {},
  doi     = {}
}

@Article{ghysels.samaey.ea:coarse,
  author  = {P. Ghysels and G. Samaey and P. Van Liedekerke and E. Tijskens and H. Ramon and D. Roose},
  title   = {Coarse implicit time integration of a cellular scale particle model for plant tissue deformation},
  journal = {Int. J. Multisc. Comput. Engrg.},
  year    = {2010},
  volume  = {8},
  pages   = {411--422},
  url     = {},
  doi     = {}
}

@Article{ghysels.samaey.ea:multiscale,
  author  = {P. Ghysels and G. Samaey and P. Van Liedekerke and E. Tijskens and H. Ramon and D. Roose},
  title   = {Multiscale modeling of viscoelastic plant tissue},
  journal = {Int. J. Multisc. Comput. Engrg.},
  year    = {2010},
  volume  = {8},
  pages   = {379--396},
  url     = {},
  doi     = {}
}

@Article{girault.murat.ea:finite,
  author  = {V. Girault and F. Murat and A. Salgado},
  title   = {Finite element discretization of Darcy's equations with pressure dependent porosity.},
  journal = {M2AN},
  year    = {2010},
  volume  = {44},
  pages   = {1155--1191},
  url     = {},
  doi     = {}
}

@Article{guven.reilly-raska.ea:discretization,
  author  = {M. Guven and L. Reilly-Raska and L. Zhou and B. Yazici},
  title   = {Discretization Error Analysis and Adaptive Meshing Algorithms for Fluorescence Diffuse Optical Tomography: Part I},
  journal = {IEEE Trans. Medical Imaging},
  year    = {2010},
  volume  = {29},
  pages   = {217--229},
  url     = {},
  doi     = {}
}

@Article{guven.zhou.ea:discretization,
  author  = {M. Guven and L. Zhou and L. Reilly-Raska and B. Yazici},
  title   = {Discretization Error Analysis and Adaptive Meshing Algorithms for Fluorescence Diffuse Optical Tomography: Part II},
  journal = {IEEE Trans. Medical Imaging},
  year    = {2010},
  volume  = {29},
  pages   = {230--245},
  url     = {},
  doi     = {}
}

@Article{hartmann.held.ea:discontinuous,
  author  = {R. Hartmann and J. Held and T. Leicht and F. Prill},
  title   = {Discontinuous Galerkin methods for computational aerodynamics -- 3D adaptive flow simulation with the DLR PADGE code},
  journal = {Aerospace Science and Technology},
  year    = {2010},
  volume  = {14},
  pages   = {512--519},
  url     = {http://www.sciencedirect.com/science/article/pii/S1270963810000441},
  doi     = {}
}

@Article{hartmann.held.ea:error,
  author  = {R. Hartmann and J. Held and T. Leicht and F. Prill},
  title   = {Error estimation and adaptive mesh refinement for aerodynamic flows},
  journal = {In N. Kroll, H. Bieler, H. Deconinck, V. Couallier, H. van der Ven and K. Sorensen, editors, ADIGMA - A European Initiative on the Development of Adaptive Higher-Order Variational Methods for Aerospace Applications, of Notes on numerical fluid mechanics and multidisciplinary design, Springer},
  year    = {2010},
  volume  = {113},
  pages   = {339--353},
  url     = {},
  doi     = {}
}

@Article{hartmann.houston:error,
  author  = {R. Hartmann and P. Houston},
  title   = {Error estimation and adaptive mesh refinement for aerodynamic flows},
  journal = {In H. Deconinck, editor, VKI LS 2010-01: 36th CFD/ADIGMA course on hp-adaptive and hp-multigrid methods, Oct. 26-30, 2009. Von Karman Institute for Fluid Dynamics, Rhode Saint Genese, Belgium},
  year    = {2010},
  volume  = {},
  pages   = {},
  url     = {},
  doi     = {}
}

@Article{hartmann.leicht:discontinuous,
  author  = {R. Hartmann and T. Leicht},
  title   = {Discontinuous Galerkin Verfahren in der Aerodynamik: H\"{o}here Ordnung, Fehlersch\"{a}tzung und Gitteradaption},
  journal = {STAB Mitteilungen. 17. DGLR-Fach-Symposium der STAB, 9.-10. Nov. 2010, Berlin},
  year    = {2010},
  volume  = {},
  pages   = {},
  url     = {},
  doi     = {}
}

@Article{heister.kronbichler.ea:generic,
  author  = {T. Heister and M. Kronbichler and W. Bangerth},
  title   = {Generic Finite Element programming for massively parallel flow simulations},
  journal = {Eccomas CFD 2010 proceedings},
  year    = {2010},
  volume  = {},
  pages   = {},
  url     = {},
  doi     = {}
}

@Article{heister.kronbichler.ea:massively,
  author  = {T. Heister and M. Kronbichler and W. Bangerth},
  title   = {Massively Parallel Finite Element Programming},
  journal = {Recent Advances in the Message Passing Interface, Lecture Notes in Computer Science, /2010},
  year    = {2010},
  volume  = {6305},
  pages   = {122--131},
  url     = {},
  doi     = {}
}

@Article{heister.lube.ea:on,
  author  = {T. Heister and G. Lube and G. Rapin},
  title   = {On robust parallel preconditioning for incompressible flow problems},
  journal = {In Numerical Mathematics and Advanced Applications, ENUMATH 2009. Springer, Berlin},
  year    = {2010},
  volume  = {},
  pages   = {},
  url     = {},
  doi     = {}
}

@Article{hinze.kunkel:residual,
  author  = {M. Hinze and M. Kunkel},
  title   = {Residual Based Sampling in POD Model Order Reduction of Drift-Diffusion Equations in Parametrized Electrical Networks},
  journal = {arXiv:1003.0551v1 [math.NA]},
  year    = {2010},
  volume  = {},
  pages   = {},
  url     = {},
  doi     = {}
}

@Article{iliev.lazarov.ea:discontinuous,
  author  = {O. P. Iliev and R. D. Lazarov and J. Willems},
  title   = {Discontinuous Galerkin Subgrid Finite Element Method for Heterogeneous Brinkman Equations},
  journal = {Large-Scale Scientific Computing, Lectures Notes in Computer Science},
  year    = {2010},
  volume  = {5910},
  pages   = {14--25},
  url     = {},
  doi     = {}
}

@Article{iliev.lazarov.ea:fast,
  author  = {O. P. Iliev and R. D. Lazarov and J. Willems},
  title   = {Fast numerical upscaling of heat equation for fibrous materials},
  journal = {J. Computing and Visualization in Science},
  year    = {2010},
  volume  = {13},
  pages   = {275--285},
  url     = {},
  doi     = {}
}

@Article{janssen.wick:block,
  author  = {B. Janssen and T. Wick},
  title   = {Block preconditioning with Schur complements for monolithic fluid-structure interactions},
  journal = {Proceedings of the Eccomas CFD 2010 conference, J. C. F. Pereira and A. Sequeira (eds.)},
  year    = {2010},
  volume  = {},
  pages   = {},
  url     = {},
  doi     = {}
}

@Article{joos.ruger.ea:electrode,
  author  = {J. Joos and B. R\"{u}ger and T. Carraro and A. Weber and E. Ivers-Tiff\'{e}e},
  title   = {Electrode Reconstruction by FIB/SEM and Microstructure Modeling},
  journal = {ECS Trans. 28},
  year    = {2010},
  volume  = {},
  pages   = {81--91},
  url     = {},
  doi     = {}
}

@Article{kanschat.riviere:strongly,
  author  = {G. Kanschat and B. Rivi\`{e}re},
  title   = {A strongly conservative finite element method for the coupling of Stokes and Darcy flow},
  journal = {J. Computational Physics},
  year    = {2010},
  volume  = {229},
  pages   = {5933--5943},
  url     = {},
  doi     = {}
}

@Article{keller.feist.ea:investigation,
  author  = {F. Keller and M. Feist and H. Nirschl and W. D\"{o}rfler},
  title   = {Investigation of the nonlinear effects during the sedimentation process of a charged colloidal particle by direct numerical simulation},
  journal = {Journal of Colloid and Interface Science},
  year    = {2010},
  volume  = {344},
  pages   = {228--236},
  url     = {},
  doi     = {}
}

@Article{kim.pasciak:analysis,
  author  = {S. Kim and J. E. Pasciak},
  title   = {Analysis of a Cartesian PML approximation to acoustic scattering problems in R$^{2}$},
  journal = {J. Math. Anal. Appl.},
  year    = {2010},
  volume  = {370},
  pages   = {168--186},
  url     = {},
  doi     = {}
}

@Article{king.mehrmann.ea:active,
  author  = {R. King and V. Mehrmann and W. Nitsche},
  title   = {Active Flow Control--A Mathematical Challenge},
  journal = {Production Factor Mathematics, Part 1},
  year    = {2010},
  volume  = {},
  pages   = {73--80},
  url     = {},
  doi     = {}
}

@Article{king.mehrmann.ea:aktive,
  author  = {R. King and V. Mehrmann and W. Nitsche},
  title   = {Aktive Str\"{o}mungsbeeinflussung -- Eine Mathematische Herausforderung},
  journal = {Produktionsfaktor Mathematik, Part 2},
  year    = {2010},
  volume  = {},
  pages   = {99--109},
  url     = {},
  doi     = {}
}

@Article{krakowian.lekszycki:investigation,
  author  = {P. Krakowian and T. Lekszycki},
  title   = {Investigation and Modeling of Bone Fracture Healing},
  journal = {5th International Conference on Advances in Mechanical Engineering and Mechanics, ICAMEM 2010, Tunisia},
  year    = {2010},
  volume  = {},
  pages   = {},
  url     = {http://www.ippt.pan.pl/Repository/o462.pdf},
  doi     = {}
}

@Article{leicht.hartmann:error,
  author  = {T. Leicht and R. Hartmann},
  title   = {Error estimation and anisotropic mesh refinement for 3d laminar aerodynamic flow simulations},
  journal = {J. Comput. Phys.},
  year    = {2010},
  volume  = {229},
  number  = {19},
  pages   = {7344--7360},
  doi     = {10.1016/j.jcp.2010.06.019}
}

@InProceedings{leicht.hartmann:error*1,
  author  = {Leicht, Tobias and Hartmann, Ralf},
  title   = {Error estimation and anisotropic mesh refinement for aerodynamic flow simulations},
  booktitle = {Numerical Mathematics and Advanced Applications ENUMATH 2009},
  editor  = {Kreiss, Gunilla and L{\"o}tstedt, Per and M{\aa}lqvist, Axel and Neytcheva, Maya},
  year    = {2010},
  pages   = {579--587},
  doi     = {10.1007/978-3-642-11795-4_62}
}

@Article{michoski.evans.ea:modeling,
  author  = {C. E. Michoski and J. A. Evans and P. G. Schmitz},
  title   = {Modeling Chemical Reactors I: Quiescent Reactors},
  journal = {arXiv:1012.5682},
  year    = {2010},
  volume  = {},
  pages   = {},
  url     = {http://arxiv.org/abs/1012.5682},
  doi     = {}
}

@PhDThesis{muehl:techniques,
  author  = {J. K. Muehl},
  title   = {Techniques for Interdisciplinary Validation by Visualization in Physiological Modeling Liver Radiofrequency Ablation},
  year    = {2010},
  school  = {Graz University of Technology},
  url     = {http://citeseerx.ist.psu.edu/viewdoc/download?doi=10.1.1.419.3812&rep=rep1&type=pdf}
}

@Article{myers.fu.ea:experimental,
  author  = {M. Myers and E.G. Fu and Michelle Myers and H. Wang and G. Xie and X. Wang and W-K. Chue and L. Shao},
  title   = {An experimental and modeling study on the role of damage cascade formation in nanocrystalization of ion-irradiated Ni52.5Nb10Zr15Ti15Pt7.5 metallic glass},
  journal = {Scripta Materialia, Vol. 63 (11), pp: 1045--1048},
  year    = {2010},
  volume  = {},
  pages   = {},
  url     = {http://www.sciencedirect.com/science/article/pii/S1359646210005002},
  doi     = {}
}

@MastersThesis{neuen:multiscale,
  author  = {C. P. T. Neuen},
  title   = {A multiscale approach to the Poisson-Nernst-Planck equation},
  year    = {2010},
  school  = {University of Bonn, Germany},
  url     = {}
}

@Article{nigro.bartolo.ea:discontinuous,
  author  = {A. Nigro and C. De Bartolo and R. Hartmann and F. Bassi},
  title   = {Discontinuous Galerkin solution of preconditioned Euler equations for very low Mach number flows},
  journal = {Int. J. Numer. Meth. Fluids, no. 4},
  year    = {2010},
  volume  = {63},
  pages   = {449--467},
  url     = {},
  doi     = {}
}

@PhDThesis{prill:diskontinuierliche,
  author  = {F. Prill},
  title   = {Diskontinuierliche Galerkin-Methoden und schnelle iterative L\"{o}ser zur Simulation kompressibler Str\"{o}mungen},
  year    = {2010},
  school  = {TU Hamburg-Harburg},
  url     = {}
}

@Article{rapson.tapson:capturing,
  author  = {M. J. Rapson and J. C. Tapson},
  title   = {Capturing low-frequency cochlear impedance in time domain models: The role of viscosity},
  journal = {J. Acoust. Soc. Am. Vol. 127, Issue 3},
  year    = {2010},
  volume  = {},
  pages   = {1869--1869},
  url     = {},
  doi     = {}
}

@Article{rees.stoll.ea:all-at-once,
  author  = {T. Rees and M. Stoll and A. Wathen},
  title   = {All-at-once preconditioning in PDE-constrained optimization},
  journal = {Kybernetica},
  year    = {2010},
  volume  = {46},
  pages   = {341--360},
  url     = {},
  doi     = {}
}

@Article{richter.wick:finite,
  author  = {T. Richter and T. Wick},
  title   = {Finite Elements for Fluid-Structure Interaction in ALE and Fully Eulerian Coordinates},
  journal = {Comput. Meth. Appl. Mech. Engrg.},
  year    = {2010},
  volume  = {199},
  pages   = {2633--2642},
  url     = {},
  doi     = {}
}

@Article{rohe.lube:analysis,
  author  = {L. R\"{o}he and G. Lube},
  title   = {Analysis of a variational multiscale method for large-eddy simulation and its application to homogeneous isotropic turbulence},
  journal = {Comput. Meth. Appl. Mech. Engrg.},
  year    = {2010},
  volume  = {199},
  pages   = {2331--2342},
  url     = {},
  doi     = {}
}

@Article{rupp:symbolic,
  author  = {K. Rupp},
  title   = {Symbolic integration at compile time in finite element methods},
  journal = {Proceedings of the 2010 International Symposium on Symbolic and Algebraic Computation, 347-354},
  year    = {2010},
  volume  = {},
  pages   = {},
  url     = {},
  doi     = {}
}

@PhDThesis{salgado:approximation,
  author  = {A. J. Salgado},
  title   = {Approximation Techniques for Incompressible Flows with Heterogeneous Properties},
  year    = {2010},
  school  = {Texas A\&M University},
  url     = {}
}

@Article{schulz.ale.ea:hybrid,
  author  = {R. Schulz and A. Ale and A. Sarantopoulos and M. Freyer and E. Soehngen and M. Zientkowska and V. Ntziachristos},
  title   = {Hybrid System for Simultaneous Fluorescence and X-Ray Computed Tomography},
  journal = {IEEE Trans. Medical Imaging},
  year    = {2010},
  volume  = {29},
  pages   = {465--473},
  url     = {},
  doi     = {}
}

@Article{secanell.songprakorp.ea:optimization,
  author  = {M. Secanell and R. Songprakorp and N. Djilali and A. Suleman},
  title   = {Optimization of a proton exchange membrane fuel cell membrane electrode assembly},
  journal = {Structural and Multidisciplinary Optimization, issue 1-6, pp 563-583},
  year    = {2010},
  volume  = {40},
  pages   = {},
  url     = {http://link.springer.com/article/10.1007/s00158-009-0387-z},
  doi     = {}
}

@Article{steigemann.specovius-neugebauer.ea:simulation,
  author  = {M. Steigemann and M. Specovius-Neugebauer and M. Fulland and H. A. Richard},
  title   = {Simulation of crack paths in functionally graded materials},
  journal = {Engineering Fracture Mechanics},
  year    = {2010},
  volume  = {77},
  pages   = {2145--2157},
  url     = {},
  doi     = {}
}

@Article{stoll.wathen:all-at-once,
  author  = {M. Stoll and A. Wathen},
  title   = {All-at-once preconditioning of time-dependent PDE-constrained optimization problems},
  journal = {Preprint 1017, University of Oxford},
  year    = {2010},
  volume  = {},
  pages   = {},
  url     = {},
  doi     = {}
}

@Article{turcksin.ragusa.ea:goal-oriented,
  author  = {B. Turcksin and J. C. Ragusa and W. Bangerth},
  title   = {Goal-oriented h-adaptivity for the multigroup SP$_{\textnormal{N}}$ equations},
  journal = {Nuclear Science and Engineering},
  year    = {2010},
  volume  = {165},
  pages   = {305--319},
  url     = {},
  doi     = {}
}

@Article{vdroljak:on,
  author  = {M. Vdroljak},
  title   = {On Hashin-Shtrikman bounds for mixtures of two isotropic materials},
  journal = {Nonlinear Analysis: Real world applications},
  year    = {2010},
  volume  = {11},
  pages   = {4597--4606},
  url     = {},
  doi     = {}
}

@MastersThesis{weiler:stromfunktionsformulierung,
  author  = {C. Weiler},
  title   = {Stromfunktionsformulierung der Navier-Stokes-Gleichungen und Methoden der Druckrekonstruktion},
  year    = {2010},
  school  = {University of Heidelberg, Germany},
  url     = {}
}

@Article{young.armiento:strategies,
  author  = {T. D. Young and R. Armiento},
  title   = {Strategies for $h$-adaptive refinement for a finite element treatment of harmonic oscillator Schr\"{o}dinger eigenproblem},
  journal = {Commun. Theor. Phys. (Beijing, China), (6)},
  year    = {2010},
  volume  = {53},
  pages   = {1017--1023},
  url     = {},
  doi     = {}
}

@Article{zhou:adaptive,
  author  = {L. Zhou},
  title   = {Adaptive finite element methods for fluorescence diffuse optical tomography},
  journal = {PhD dissertation, Rensselaer Polytechnic Institute},
  year    = {2010},
  volume  = {},
  pages   = {},
  url     = {http://gradworks.umi.com/34/35/3435879.html},
  doi     = {}
}

@PhDThesis{zhu:robust,
  author  = {L. Zhu},
  title   = {Robust a posteriori error estimation for discontinuous Galerkin methods for convection-diffusion equations},
  year    = {2010},
  school  = {University of British Columbia},
  url     = {}
}

@Comment{jabref-meta: databaseType:bibtex;}
