% Encoding: US-ASCII

@MastersThesis{alam:fast,
  author  = {G. Alam},
  title   = {Fast iterative solution of large scale statistical inverse problems},
  year    = {2013},
  school  = {Stockholm University},
  url     = {}
}

@Article{alouges.desimone.ea:optimally,
  author  = {F. Alouges and A. DeSimone and L. Heltai and A. Lefebvre-Lepot and B. Merlet},
  title   = {Optimally swimming Stokesian robots},
  journal = {Discrete Contin. Dyn. Syst. Ser. B, pp. 1189--1215},
  year    = {2013},
  volume  = {18},
  pages   = {},
  url     = {},
  doi     = {}
}

@MastersThesis{araujo-cabarcas:numerical,
  author  = {J. C. Araujo-Cabarcas},
  title   = {Numerical methods for glacial isostatic adjustment models},
  year    = {2013},
  school  = {Uppsala University, Uppsala, Sweden},
  url     = {}
}

@Article{argoul.ruocci.ea:improved,
  author  = {P. Argoul and G. Ruocci and F. Freddi and K. Benzarti},
  title   = {An improved damage modelling to deal with the variability of fracture mechanisms in FRP reinforced concrete structures},
  journal = {International Journal of Adhesion and Adhesives 45 , 7-20},
  year    = {2013},
  volume  = {},
  pages   = {},
  url     = {},
  doi     = {}
}

@MastersThesis{arndt:augmented,
  author  = {D. Arndt},
  title   = {Augmented Taylor-Hood Elements for Incompressible Flow},
  year    = {2013},
  school  = {University of G\"{o}ttingen, Germany},
  url     = {}
}

@Article{axelsson.boyanova.ea:numerical,
  author  = {O. Axelsson and P. Boyanova and M. Kronbichler and M. Neytcheva and X. Wu},
  title   = {Numerical and computational efficiency of solvers for two-phase problems},
  journal = {Comput. Math. Appl., 65, 301-314},
  year    = {2013},
  volume  = {},
  pages   = {},
  url     = {},
  doi     = {}
}

@Article{bangerth.heister:what,
  author  = {W. Bangerth and T. Heister},
  title   = {What makes computational open source software libraries successful?},
  journal = {Computational Science \& Discovery, article 015010},
  year    = {2013},
  volume  = {6},
  pages   = {},
  url     = {},
  doi     = {}
}

@Article{bangerth.heister.ea:deal-ii,
  author  = {W. Bangerth and T. Heister and L. Heltai and G. Kanschat and M. Kronbichler and M. Maier and T. D. Young},
  title   = {The \texttt{deal.II} Library, Version 8.1},
  journal = {arXiv.org preprint 1312.2266v4},
  year    = {2013},
  volume  = {},
  pages   = {},
  url     = {http://arxiv.org/abs/1312.2266v4},
  doi     = {}
}

@Article{bangerth.heister.ea:deal-ii*1,
  author  = {W. Bangerth and T. Heister and L. Heltai and G. Kanschat and M. Kronbichler and M. Maier and T. D. Young},
  title   = {The \texttt{deal.II} Library, Version 8.0},
  journal = {arXiv.org preprint 1312.2266v3},
  year    = {2013},
  volume  = {},
  pages   = {},
  url     = {http://arxiv.org/abs/1312.2266v3},
  doi     = {}
}

@Article{benner.stoll:optimal,
  author  = {P. Benner and M. Stoll},
  title   = {Optimal control for Allen-Cahn equations enhanced by model predictive control},
  journal = {Preprint, MPI Magdeburg},
  year    = {2013},
  volume  = {},
  pages   = {},
  url     = {},
  doi     = {}
}

@Article{bonito.devore.ea:adaptive,
  author  = {A. Bonito and R. DeVore and R. H. Nochetto},
  title   = {Adaptive Finite Element Methods for Elliptic Problems with Discontinuous Coefficients},
  journal = {SIAM Journal on Numerical Analysis},
  year    = {2013},
  volume  = {51},
  pages   = {3106--3134},
  url     = {},
  doi     = {}
}

@Article{bonito.kyza.ea:dg,
  author  = {A. Bonito and I. Kyza and R. H. Nochetto},
  title   = {A dG Approach to Higher Order ALE Formulations in Time},
  journal = {2012 Barrett Lectures, The IMA Volume in Mathematics and its Applications, Vol. 157, 36 pages, Springer},
  year    = {2013},
  volume  = {},
  pages   = {},
  url     = {},
  doi     = {}
}

@Article{bonito.kyza.ea:time-discrete,
  author  = {A. Bonito and I. Kyza and R. H. Nochetto},
  title   = {Time-discrete higher order ALE formulations: A priori error analysis},
  journal = {Numer. Math., vol, 125},
  year    = {2013},
  volume  = {},
  pages   = {225--257},
  url     = {},
  doi     = {}
}

@Article{bonito.kyza.ea:time-discrete*1,
  author  = {A. Bonito and I. Kyza and R. H. Nochetto},
  title   = {Time-discrete higher order ALE formulations: Stability},
  journal = {SIAM J. Numer. Anal., 51(1), 577-608},
  year    = {2013},
  volume  = {},
  pages   = {},
  url     = {},
  doi     = {}
}

@PhDThesis{bramwell:discontinuous,
  author  = {J. A. Bramwell},
  title   = {A discontinuous Petrov-Galerkin method for seismic tomography problems},
  year    = {2013},
  school  = {University of Texas at Austin},
  url     = {}
}

@Article{burg:convergence,
  author  = {M. B\"{u}rg},
  title   = {Convergence of an automatic $hp$-adaptive finite element strategy for Maxwell's equations},
  journal = {Applied Numerical Mathematics},
  year    = {2013},
  volume  = {72},
  pages   = {188--204},
  url     = {},
  doi     = {}
}

@Article{cangiani.chapman.ea:implementation,
  author  = {A. Cangiani and J. Chapman and E. Georgoulis and M. Jensen},
  title   = {Implementation of the Continuous-Discontinuous Galerkin Finite Element Method},
  journal = {Numerical Mathematics and Advanced Applications 2011},
  year    = {2013},
  volume  = {},
  pages   = {315--322},
  url     = {},
  doi     = {}
}

@Article{carraro.goll.ea:pressure,
  author  = {T. Carraro and C. Goll and A. Marciniak-Czochra and A. Mikelic},
  title   = {Pressure jump interface law for the Stokes-Darcy coupling: Confirmation by direct numerical simulation},
  journal = {Journal of Fluid Mechanics},
  year    = {2013},
  volume  = {732},
  pages   = {510--536},
  url     = {},
  doi     = {}
}

@Article{carraro.joos:parameter,
  author  = {T. Carraro and J. Joos},
  title   = {Parameter estimation for a reconstructed SOFC mixed-conducting LSCF-cathode},
  journal = {Model Based Parameter Estimation, H. G. Bock et al., eds., Springer},
  year    = {2013},
  volume  = {},
  pages   = {267--285},
  url     = {},
  doi     = {}
}

@Article{chueh.djilali.ea:h-adaptive,
  author  = {C. C. Chueh and N. Djilali and W. Bangerth},
  title   = {An h-adaptive Operator Splitting Method for Two-phase Flow in 3D Heterogeneous Porous Media},
  journal = {SIAM Journal on Scientific Computing, pp. B149-175},
  year    = {2013},
  volume  = {35},
  pages   = {},
  url     = {},
  doi     = {}
}

@MastersThesis{devaud:adaptive,
  author  = {D. Devaud},
  title   = {Adaptive Methods for the Stokes System with Discontinuous Viscosities},
  year    = {2013},
  school  = {EPFL},
  url     = {}
}

@Article{dohnal.dorfler:coupled,
  author  = {T. Dohnal and W. D\"{o}rfler},
  title   = {Coupled Mode Equation Modeling for Out-of-Plane Gap Solitons in 2D Photonic Crystals},
  journal = {Multiscale Modeling and Simulation},
  year    = {2013},
  volume  = {11},
  pages   = {162--191},
  url     = {},
  doi     = {}
}

@MastersThesis{donev:time,
  author  = {I. Donev},
  title   = {Time Dependent Finite Element Simulations of a Generalized Oldroyd-B Fluid},
  year    = {2013},
  school  = {University of Cape Town},
  url     = {}
}

@MastersThesis{dugan:dynamic,
  author  = {K. Dugan},
  title   = {Dynamic adaptive multimesh refinement for coupled physics applicable to nuclear engineering},
  year    = {2013},
  school  = {Texas A\&M University},
  url     = {}
}

@Article{hai.bause:numerical,
  author  = {B. S. M. Ebna Hai and M. Bause},
  title   = {Numerical Approximation of Fluid Structure Interaction (FSI) Problem},
  journal = {In proceedings of: the ASME Fluids Engineering Division Summer Meeting, Vol. 1A, No. FEDSM2013-16013, pp. V01AT02A001/1-10, July 7--11, Incline Village, Nevada, USA},
  year    = {2013},
  volume  = {},
  pages   = {},
  url     = {},
  doi     = {}
}

@Article{hai.bause:adaptive,
  author  = {B. S. M. Ebna Hai and M. Bause},
  title   = {Adaptive Multigrid Methods for Fluid-Structure Interaction (FSI) Optimization in an Aircraft and Design of Integrated Structural Health Monitoring (SHM) Systems},
  journal = {Proceedings of The 2nd ECCOMAS Young Investigators Conference (YIC2013), At Bordeaux, France},
  year    = {2013},
  volume  = {},
  pages   = {},
  url     = {},
  doi     = {}
}

@Article{hai.bause:finite,
  author  = {B. S. M. Ebna Hai and M. Bause},
  title   = {Finite Element Approximation of Fluid Structure Interaction (FSI) Optimization in Arbitrary Lagrangian-Eulerian Coordinates},
  journal = {In proceedings of: the ASME International Mechanical Engineering Congress \& Exposition, Vol. 7B, No. IMECE2013-62291, pp. V07BT08A034/1--8, Nov 13--21, San Diego, California, USA},
  year    = {2013},
  volume  = {},
  pages   = {},
  url     = {},
  doi     = {}
}

@Article{efendiev.galvis.ea:multiscale,
  author  = {Y. Efendiev and J. Galvis and S. Pauletti},
  title   = {Multiscale finite element methods for flows on rough surfaces},
  journal = {Communications in Computational Physics},
  year    = {2013},
  volume  = {14},
  pages   = {979--1000},
  url     = {},
  doi     = {}
}

@Article{emmrich.wroblewska-kaminska:convergence,
  author  = {E. Emmrich and A. Wr\'{o}blewska-Kami\'{n}ska},
  title   = {Convergence of a Full Discretization of Quasi-linear Parabolic Equations in Isotropic and Anisotropic Orlicz Spaces},
  journal = {SIAM Journal on Numerical Analysis},
  year    = {2013},
  volume  = {51},
  pages   = {1163--1184},
  url     = {},
  doi     = {}
}

@Article{fang.gao.ea:finite,
  author  = {J. Fang and X. Gao and A. Zhou},
  title   = {A finite element recovery approach to eigenvalue approximations with applications to electronic structure calculations},
  journal = {Journal of Scientific Computing},
  year    = {2013},
  volume  = {55},
  pages   = {432--454},
  url     = {},
  doi     = {}
}

@Article{flath:hessian-based,
  author  = {H. P. Flath},
  title   = {Hessian-based response surface approximations for uncertainty quantification in large-scale statistical inverse problems, with applications to groundwater flow},
  journal = {PhD dissertation, University of Texas at Austin},
  year    = {2013},
  volume  = {},
  pages   = {},
  url     = {http://repositories.lib.utexas.edu/handle/2152/21157},
  doi     = {}
}

@Article{frei.richter.ea:eulerian,
  author  = {S. Frei and T. Richter and T. Wick},
  title   = {Eulerian Techniques for Fluid-Structure Interactions - Part I: Modeling and Simulation},
  journal = {ENUMATH Proc.},
  year    = {2013},
  volume  = {},
  pages   = {},
  url     = {},
  doi     = {},
  note    = {Submitted}
}

@Article{frei.richter.ea:eulerian*1,
  author  = {S. Frei and T. Richter and T. Wick},
  title   = {Eulerian Techniques for Fluid-Structure Interactions - Part II: Applications},
  journal = {ENUMATH Proc.},
  year    = {2013},
  volume  = {},
  pages   = {},
  url     = {},
  doi     = {},
  note    = {Submitted}
}

@Article{geringer.lenhof.ea:macroscopic,
  author  = {A. Geringer and B. Lenhof and S. Diebels},
  title   = {Macroscopic modeling of foams: an order-parameter approach vs. a micropolar model},
  journal = {Technische Mechanik},
  year    = {2013},
  volume  = {33},
  pages   = {87--96},
  url     = {http://www.uni-magdeburg.de/ifme/zeitschrift_tm/2013_Heft2/01_Geringer_Lenhof_Diebels.pdf},
  doi     = {}
}

@PhDThesis{gimbel:modelling,
  author  = {F. Gimbel},
  title   = {Modelling and numerical simulation of contact and lubrication},
  year    = {2013},
  school  = {University of Siegen, Germany},
  url     = {}
}

@MastersThesis{giuliani:hybrid,
  author  = {N. Giuliani},
  title   = {An hybrid boundary element method for free surface flows},
  year    = {2013},
  school  = {Politecnico di Milano},
  url     = {https://www.politesi.polimi.it/handle/10589/81430}
}

@Article{grieshaber:locking-free,
  author  = {B. J. Grieshaber},
  title   = {Locking-free discontinuous Galerkin methods for problems in elasticity, using linear and multilinear approximations},
  journal = {PhD disseration, University of Cape Town},
  year    = {2013},
  volume  = {},
  pages   = {},
  url     = {http://link.springer.com/article/10.1007/s00419-014-0943-x},
  doi     = {}
}

@Article{gupta.nataraj:posteriori,
  author  = {N. Gupta and N. Nataraj},
  title   = {A posteriori error estimates for an optimal control problem of laser surface hardening of steel},
  journal = {Adv. Comp. Math.},
  year    = {2013},
  volume  = {39},
  pages   = {69--99},
  url     = {http://link.springer.com/article/10.1007%2Fs10444-011-9270-8},
  doi     = {}
}

@Article{hartmann:higher-order,
  author  = {R. Hartmann},
  title   = {Higher-order and adaptive discontinuous Galerkin methods with shock-capturing applied to transonic turbulent delta wing flow},
  journal = {International Journal for Numerical Methods in Fluids},
  year    = {2013},
  volume  = {72},
  pages   = {883--894},
  url     = {},
  doi     = {}
}

@Article{hartmann:higher-order*1,
  author  = {R. Hartmann},
  title   = {Higher-order and adaptive Discontinuous Galerkin methods applied to turbulent delta wing flow},
  journal = {New Results in Numerical and Experimental Fluid Mechanics VIII, Notes on Numerical Fluid Mechanics and Multidisciplinary Design, pp 497-505},
  year    = {2013},
  volume  = {121},
  pages   = {},
  url     = {http://link.springer.com/chapter/10.1007/978-3-642-35680-3_59},
  doi     = {}
}

@Article{heister.rapin:efficient,
  author  = {T. Heister and G. Rapin},
  title   = {Efficient augmented Lagrangian-type preconditioning for the Oseen problem using Grad-Div stabilization},
  journal = {Int. J. Num. Meth. Fluids, 71, 118--134},
  year    = {2013},
  volume  = {},
  pages   = {},
  url     = {},
  doi     = {10.1002/fld.3654}
}

@Article{hinze.mathes:model,
  author  = {M. Hinze and U. Mathes},
  title   = {Model order reduction for networks of ODE and PDE systems},
  journal = {System Modeling and Optimization, IFIP Advances in Information and Communication Technology Vol. 391, pp 92-101},
  year    = {2013},
  volume  = {},
  pages   = {},
  url     = {},
  doi     = {}
}

@Article{joshi.j.ea:reconstruction,
  author  = {S. Joshi and J and Walton},
  title   = {Reconstruction of the residual stresses in a hyperelastic body using ultrasound techniques},
  journal = {International Journal on Engineering Science},
  year    = {2013},
  volume  = {70},
  pages   = {46--72},
  url     = {},
  doi     = {}
}

@Article{kallen-brown:computational,
  author  = {J. A. Kallen-Brown},
  title   = {Computational methods for ice flow simulation},
  journal = {PhD dissertation, ETH Z\"{u}rich},
  year    = {2013},
  volume  = {},
  pages   = {},
  url     = {http://e-collection.library.ethz.ch/eserv/eth:5692/eth-5692-02.pdf?pid=eth:5692&dsID=eth-5692-02.pdf},
  doi     = {}
}

@PhDThesis{klein:consistent,
  author  = {N. Klein},
  title   = {Consistent FE-Analysis of elliptic Variational Inequalities},
  year    = {2013},
  school  = {University of Siegen, Germany},
  url     = {}
}

@Article{kramer:cuda-based,
  author  = {S. Kramer},
  title   = {CUDA-based parallel preconditioning for RANS simulation of indoor airflow},
  journal = {Numerical Mathematics and Advanced Applications (Proceedings of the ENUMATH 2011 conference), Springer},
  year    = {2013},
  volume  = {},
  pages   = {663--671},
  url     = {},
  doi     = {}
}

@Article{kramer:finite-element,
  author  = {S. Kramer},
  title   = {Finite-element methods for spatially resolved mesoscopic electron transport},
  journal = {Physical Review B 88, 125308},
  year    = {2013},
  volume  = {},
  pages   = {},
  url     = {http://link.aps.org/doi/10.1103/PhysRevB.88.125308},
  doi     = {10.1103/PhysRevB.88.125308}
}

@PhDThesis{kruger:regularization-based,
  author  = {T. Kr\"{u}ger},
  title   = {Regularization-based fictitious domain methods},
  year    = {2013},
  school  = {University of Siegen, Germany},
  url     = {}
}

@Article{kumar.noorden.ea:ale-based,
  author  = {K. Kumar and T. van Noorden and M. F. Wheeler and T. Wick},
  title   = {An ALE-based method for reaction-induced boundary movement towards clogging},
  journal = {ENUMATH Proc.},
  year    = {2013},
  volume  = {},
  pages   = {},
  url     = {},
  doi     = {},
  note    = {Submitted}
}

@Article{kumar.wheeler.ea:reactive,
  author  = {K. Kumar and M. F. Wheeler and T. Wick},
  title   = {Reactive flow reaction-induced boundary movement in a thin channel},
  journal = {SIAM J. Sci. Comput. 35(6), pp. B1235-B1266},
  year    = {2013},
  volume  = {},
  pages   = {},
  url     = {},
  doi     = {}
}

@Article{lenhof.geringer.ea:macroscopic,
  author  = {B. Lenhof and A. Geringer and S. Diebels},
  title   = {Macroscopic modeling of size effects in foams using an order parameter},
  journal = {Generalized Continua as Models for Materials, Advanced Structured Materials},
  year    = {2013},
  volume  = {22},
  pages   = {237--254},
  url     = {},
  doi     = {}
}

@MastersThesis{lim:numerical,
  author  = {S. H. Lim},
  title   = {Numerical Simulation of Two-phase Heat Flow and Transient Partial Melting in the Lower Crust with Adaptive Mesh Refinement},
  year    = {2013},
  school  = {University of Michigan, Ann Arbor},
  note    = {Undergraduate honors thesis},
  url     = {}
}

@Article{mikelic.wheeler.ea:phase,
  author  = {A. Mikelic and M. F. Wheeler and T. Wick},
  title   = {A phase field approach to the fluid filled fracture surrounded by a poroelastic medium},
  journal = {ICES preprint 13-15},
  year    = {2013},
  volume  = {},
  pages   = {},
  url     = {http://www.ices.utexas.edu/research/reports/},
  doi     = {}
}

@Article{mola.heltai.ea:stable,
  author  = {A. Mola and L. Heltai and A. DeSimone},
  title   = {A stable and adaptive semi-Lagrangian potential model for unsteady and nonlinear ship-wave interactions},
  journal = {Engineering Analysis with Boundary Elements},
  year    = {2013},
  volume  = {37},
  pages   = {128--143},
  url     = {},
  doi     = {}
}

@Article{neytcheva.lund:efficient,
  author  = {M. Neytcheva and B. Lund},
  title   = {Efficient numerical solution methods for isostatic adjustment of visco- poroelastic Earth models},
  journal = {Joint project with Dept. of Info. Tech. and Earth Sci., Uppsala University},
  year    = {2013},
  volume  = {},
  pages   = {},
  url     = {http://www.math.uu.se/digitalAssets/157/157344_3gia_project_cim_2013_bl.pdf},
  doi     = {}
}

@Article{opmeer.reis.ea:finite-rank,
  author  = {M. R. Opmeer and T. Reis and W. Wollner},
  title   = {Finite-Rank ADI Iteration for Operator Lyapunov Equations},
  journal = {SIAM Journal on Control and Optimization, no. 5},
  year    = {2013},
  volume  = {51},
  pages   = {4084--4117},
  url     = {http://epubs.siam.org/doi/abs/10.1137/120885310},
  doi     = {}
}

@Article{pearson.stoll:fast,
  author  = {J. Pearson and M. Stoll},
  title   = {Fast Iterative Solution of Reaction-Diffusion Control Problems Arising from Chemical Processes},
  journal = {SIAM Journal on Scientific Computing, pp. B987-B1009},
  year    = {2013},
  volume  = {35},
  pages   = {},
  url     = {},
  doi     = {}
}

@PhDThesis{pelteret:computational,
  author  = {J. P. V. Pelteret},
  title   = {A computational neuromuscular model of the human upper airway with application to the study of obstructive sleep apnoea},
  school  = {University of Cape Town},
  year    = {2013},
  address = {Rondebosch, Cape Town, South Africa},
  url     = {https://open.uct.ac.za/handle/11427/9519}
}

@MastersThesis{povall:single,
  author  = {T. Povall},
  title   = {Single Crystal Plasticity at Finite Strains: A Computational Investigation of Hardening Relations},
  year    = {2013},
  school  = {University of Cape Town},
  url     = {}
}

@Article{redlund.cheng:implementation,
  author  = {A. Redlund and G. Cheng},
  title   = {Implementation and performance studies of a three-phase model solver},
  journal = {Technical report, University of Uppsala},
  year    = {2013},
  volume  = {},
  pages   = {},
  url     = {},
  doi     = {}
}

@Article{reinhardt.weysser.ea:density,
  author  = {J. Reinhardt and F. Weysser and J. M. Brader},
  title   = {Density functional approach to nonlinear rheology},
  journal = {Europhysics Letters, article 28011},
  year    = {2013},
  volume  = {102},
  pages   = {},
  url     = {},
  doi     = {}
}

@Article{reis.wollner:iterative,
  author  = {T. Reis and W. Wollner},
  title   = {Iterative solution of operator Lyapunov equations arising in heat transfer},
  journal = {2013 European Control Conference, Zurich Switzerland},
  year    = {2013},
  volume  = {},
  pages   = {41--46},
  url     = {},
  doi     = {}
}

@Article{richter.wick:solid,
  author  = {T. Richter and T. Wick},
  title   = {Solid growth and clogging in fluid-structure interaction computed in ALE and fully Eulerian coordinates},
  journal = {},
  note    = {Submitted},
  year    = {2013},
  volume  = {},
  pages   = {},
  url     = {},
  doi     = {}
}

@Article{richter.wick:on,
  author  = {T. Richter and T. Wick},
  title   = {On time discretizations of fluid-structure interactions},
  journal = {},
  note    = {Submitted},
  year    = {2013},
  volume  = {},
  pages   = {},
  url     = {},
  doi     = {}
}

@Article{richter.wick:optimal,
  author  = {T. Richter and T. Wick},
  title   = {Optimal Control and Parameter Estimation for Stationary Fluid-Structure Interaction Problems},
  journal = {SIAM J. Sci. Comput., pp. B1085-B1104},
  year    = {2013},
  volume  = {35},
  pages   = {},
  url     = {},
  doi     = {}
}

@PhDThesis{roberts:discontinuous,
  author  = {N. V. Roberts},
  title   = {A discontinuous Petrov-Galerkin methodology for incompressible flow problems},
  year    = {2013},
  school  = {University of Texas at Austin},
  url     = {http://repositories.lib.utexas.edu/handle/2152/21174}
}

@Article{roy.heltai.ea:immersed,
  author  = {S. Roy and L. Heltai and D. Drapaca and F. Costanzo},
  title   = {An immersed finite element method approach for brain biomechanics},
  journal = {Mechanics of Biological Systems and Materials, Vol. 5, Conference Proceedings of the Society for Experimental Mechanics Series},
  year    = {2013},
  volume  = {},
  pages   = {79--86},
  url     = {},
  doi     = {}
}

@Article{rudraraju.mills.ea:multiphysics,
  author  = {S. Rudraraju and K. L. Mills and R. Kemkemer and K. Garikipati},
  title   = {Multiphysics Modeling of Reactions, Mass Transport and Mechanics of Tumor Growth},
  journal = {Computer Models in Biomechanics, G. Holzapfel and E. Kuhl (eds.), Spinger Verlag},
  year    = {2013},
  volume  = {},
  pages   = {293--303},
  url     = {},
  doi     = {}
}

@Article{sabouni.venkateswaran.ea:automated,
  author  = {A. Sabouni and A. Venkateswaran and A. Shmuel and P. Pouliot and F. Lesage},
  title   = {An automated technique to determine the induced current in transcranial magnetic stimulation},
  journal = {Proceedings, Antennas and Propagation Society International Symposium (APSURSI), 2013 IEEE},
  year    = {2013},
  volume  = {},
  pages   = {2050--2051},
  url     = {},
  doi     = {}
}

@Article{sagebaum.gauger.ea:algorithmic,
  author  = {M. Sagebaum and N. R. Gauger and U. Naumann and J. Lotz and K. Leppkes},
  title   = {Algorithmic differentiation of a complex C++ code with underlying libraries},
  journal = {Procedia Computer Science},
  year    = {2013},
  volume  = {18},
  pages   = {208--217},
  url     = {},
  doi     = {}
}

@Article{salgado:framework,
  author  = {A. J. Salgado},
  title   = {A framework for the implementation of coupled multiphase flow problems using the deal.II library and its application to electrowetting},
  journal = {Archive of Numerical Software, article 2},
  year    = {2013},
  volume  = {1},
  pages   = {1--19},
  url     = {},
  doi     = {}
}

@Article{salgado:diffuse,
  author  = {A. J. Salgado},
  title   = {A diffuse interface fractional time-stepping technique for incompressible two-phase flows with moving contact lines},
  journal = {ESAIM Math. Model. Numer. Anal., pp. 743--769},
  year    = {2013},
  volume  = {47},
  pages   = {},
  url     = {},
  doi     = {}
}

@Article{schillinger.evans.ea:isogeometric,
  author  = {D. Schillinger and J. A. Evans and A. Reali and M. A. Scott and T. J.R. Hughes},
  title   = {Isogeometric Collocation: Cost Comparison with Galerkin Methods and Extension to Adaptive Hierarchical NURBS Discretizations},
  journal = {ICES Report, Austin, TX},
  year    = {2013},
  volume  = {},
  pages   = {},
  url     = {https://www.ticam.utexas.edu/media/reports/2013/1303.pdf},
  doi     = {}
}

@MastersThesis{siehr:stabilisierungsmethoden,
  author  = {P. Siehr},
  title   = {Stabilisierungsmethoden f\"{u}r die Stokes-Gleichungen},
  year    = {2013},
  school  = {University of Heidelberg, Germany},
  note    = {Bachelor thesis},
  url     = {}
}

@Article{stapf.garbe:partikelbasierte,
  author  = {J. Stapf and C. Garbe},
  title   = {Partikelbasierte Str\"{o}mungsmessung unter Ausnutzung typischer Bewegungsmuster},
  journal = {Proceedings, Fachtagung ``Lasermethoden in der Str\"{o}mungsmesstechnik, Munich, September 3-5, 2013, C. J. K\"{a}hler, R. Hain, C. Cierpka, B. Ruck, A. Leder, D. Dopheide (eds.), article 1},
  year    = {2013},
  volume  = {},
  pages   = {},
  url     = {},
  doi     = {}
}

@Article{steigemann.schramm:precise,
  author  = {M. Steigemann and B. Schramm},
  title   = {Precise computation and error control of stress intensity factors and certain integral characteristics in anisotropic inhomogeneous materials},
  journal = {International Journal of Fracture},
  year    = {2013},
  volume  = {182},
  pages   = {67--91},
  url     = {},
  doi     = {}
}

@Article{stoll.wathen:all-at-once,
  author  = {M. Stoll and A. Wathen},
  title   = {All-at-once solution of time-dependent PDE-constrained optimization problems},
  journal = {Journal of Computational Physics},
  year    = {2013},
  volume  = {232},
  pages   = {498--515},
  url     = {},
  doi     = {}
}

@MastersThesis{sutton:numerical,
  author  = {O. Sutton},
  title   = {Numerical methods for reaction diffusion systems arising in Mathematical Biology},
  year    = {2013},
  school  = {University of Leicester},
  url     = {}
}

@MastersThesis{tong:exactly,
  author  = {Q. Tong},
  title   = {An exactly divergence-free finite element method for non-isothermal flow problems},
  year    = {2013},
  school  = {University of British Columbia},
  url     = {}
}

@Article{tran:partitioned,
  author  = {H. A. Tran},
  title   = {Partitioned Methods for Coupled Fluid Flow Problems},
  journal = {PhD dissertation, University of Pittsburgh},
  year    = {2013},
  volume  = {},
  pages   = {},
  url     = {http://d-scholarship.pitt.edu/18509/},
  doi     = {}
}

@MastersThesis{vakulin.shaw.ea:elec,
  author  = {N. Vakulin and R. Shaw and T. Livingston},
  title   = {ELEC 490, final report: High performance computing with GPUs},
  school  = {Queen's University},
  note    = {Semester project for ELEC 490, final report},
  year    = {2013},
  volume  = {},
  pages   = {},
  url     = {},
  doi     = {}
}

@Article{wallraff.leicht.ea:numerical,
  author  = {M. Wallraff and T. Leicht and M. Lange-Hegermann},
  title   = {Numerical flux functions for Reynolds-averaged Navier-Stokes and k$\omega$ turbulence model computations with a line-preconditioned p-multigrid discontinuous Galerkin solver},
  journal = {Int. J. Numer. Meth. Fluids},
  year    = {2013},
  volume  = {71},
  pages   = {1055--1072},
  url     = {},
  doi     = {}
}

@Article{wick.elsheikh.ea:parameter,
  author  = {T. Wick and A. H. Elsheikh and M. F. Wheeler},
  title   = {Parameter Estimation for the Coupled Biot-Lame-Navier Problem in Subsurface Modeling},
  journal = {ARMA Conference in San Francisco, Jun 23-26},
  year    = {2013},
  volume  = {},
  pages   = {},
  url     = {},
  doi     = {}
}

@Article{wick:coupling,
  author  = {T. Wick},
  title   = {Coupling of fully Eulerian and arbitrary Lagrangian-Eulerian methods for fluid-structure interaction computations},
  journal = {Computational Mechanics, DOI: 10.1007/s00466-013-0866-3},
  year    = {2013},
  volume  = {},
  pages   = {},
  url     = {},
  doi     = {}
}

@Article{wick:flapping,
  author  = {T. Wick},
  title   = {Flapping and Contact FSI Computations with the Fluid-Solid Interface-Tracking/Interface-Capturing Technique and Mesh Adaptivity},
  journal = {Computational Mechanics, DOI: 10.1007/s00466-013-0890-3},
  year    = {2013},
  volume  = {},
  pages   = {},
  url     = {},
  doi     = {}
}

@Article{wick:solving,
  author  = {T. Wick},
  title   = {Solving Monolithic Fluid-Structure Interaction Problems in Arbitrary Lagrangian Eulerian Coordinates with the deal.II Library},
  journal = {Archive of Numerical Software, article 1},
  year    = {2013},
  volume  = {1},
  pages   = {1--19},
  url     = {},
  doi     = {}
}

@Article{wick:fully,
  author  = {T. Wick},
  title   = {Fully Eulerian fluid-structure interaction for time-dependent problems},
  journal = {Comp. Methods Appl. Mech. Engrg.},
  year    = {2013},
  volume  = {255},
  pages   = {14--26},
  url     = {},
  doi     = {}
}

@Article{willems:robust,
  author  = {J. Willems},
  title   = {Robust Multilevel Solvers for High-Contrast Anisotropic Multiscale Problems},
  journal = {Journal of Computational and Applied Mathematics, 251:47-60},
  year    = {2013},
  volume  = {},
  pages   = {},
  url     = {},
  doi     = {10.1016/j.cam.2013.03.030}
}

@Article{willems:spectral,
  author  = {J. Willems},
  title   = {Spectral Coarse Spaces in Robust Two-Level Schwartz Methods},
  journal = {O. Iliev, S. Margenov, P. Minev, P. Vassilevski, L. Zikatanov, editors, Numerical Solution of Partial Differential Equations: Theory, Algorithms and their Applications, 303-326, Springer Proceedings in Mathematics \& Statistics, Springer},
  year    = {2013},
  volume  = {},
  pages   = {},
  url     = {},
  doi     = {}
}

@Article{yoon.kang:mass,
  author  = {S. Yoon and Y. T. Kang},
  title   = {Mass transfer enhancement in non-Brownian particle suspension under a confined shear},
  journal = {International Journal of Heat and Mass Transfer},
  year    = {2013},
  volume  = {60},
  pages   = {114--124},
  url     = {},
  doi     = {}
}

@Article{young:finite,
  author  = {T. D. Young},
  title   = {A finite basis grid analysis of the Hartree-Fock wavefunction method for one- and two-electron atoms},
  journal = {AIP Conf. Proc., pp. 1524},
  year    = {2013},
  volume  = {1558},
  pages   = {},
  url     = {},
  doi     = {}
}

@Article{young.romero.ea:parallel,
  author  = {T. D. Young and E. Romero and J. E. Roman},
  title   = {Parallel finite element density functional theory exploiting grid refinement and subspace recycling},
  journal = {Comput. Phys. Commun., 1},
  year    = {2013},
  volume  = {184},
  pages   = {66--72},
  url     = {},
  doi     = {}
}

@Article{zingan.guermond.ea:implementation,
  author  = {V. Zingan and J.-L. Guermond and J. Morel and B. Popov},
  title   = {Implementation of the entropy viscosity method with the Discontinuous Galerkin Method},
  journal = {Computer Methods in Applied Mechanics and Engineering},
  year    = {2013},
  volume  = {253},
  pages   = {479--490},
  url     = {},
  doi     = {}
}

@Comment{jabref-meta: databaseType:bibtex;}
