% Encoding: US-ASCII

@Article{bangerth.grote.ea:finite,
  author  = {W. Bangerth and M. Grote and C. Hohenegger},
  title   = {Finite Element Method For Time Dependent Scattering: Nonreflecting Boundary Condition, Adaptivity, and Energy Decay},
  journal = {Computer Methods in Applied Mechanics and Engineering},
  year    = {2004},
  volume  = {193},
  pages   = {2453--2482},
  url     = {},
  doi     = {}
}

@Article{bangerth:framework,
  author  = {W. Bangerth and },
  title   = {A framework for the adaptive finite element solution of large inverse problems. I. Basic techniques},
  journal = {ICES Report 2004-39},
  year    = {2004},
  volume  = {},
  pages   = {},
  url     = {},
  doi     = {}
}

@Article{boffi.gastaldi.ea:finite,
  author  = {D. Boffi and L. Gastaldi and L. Heltai},
  title   = {A finite element approach to the immersed boundary method},
  journal = {Progress in Engineering Computational Technology},
  year    = {2004},
  volume  = {12},
  pages   = {271--298},
  url     = {},
  doi     = {}
}

@Article{carey.anderson.ea:some,
  author  = {G. Carey and M. Anderson and B. Carnes and B. Kirk},
  title   = {Some aspects of adaptive grid technology related to boundary and interior layers},
  journal = {Journal of Computational and Applied Mathematics},
  year    = {2004},
  volume  = {166},
  pages   = {55--86},
  url     = {},
  doi     = {}
}

@Article{carey.barth.ea:modeling,
  author  = {G. Carey and W. Barth and J. A. Woods and B. Kirk and M. Anderson and S. Chow and W. Bangerth},
  title   = {Modeling error and constitutive relations in simulation of flow and transport},
  journal = {International Journal for Numerical Methods in Fluids},
  year    = {2004},
  volume  = {46},
  pages   = {1211--1236},
  url     = {},
  doi     = {}
}

@Article{chow.carey.ea:finite,
  author  = {S. Chow and G. F. Carey and M. L. Anderson},
  title   = {Finite element approximations of a glaciology problem.},
  journal = {ESAIM: Mathematical Modelling and Numerical Analysis (M2AN)},
  year    = {2004},
  volume  = {38},
  pages   = {741--756},
  url     = {},
  doi     = {}
}

@MastersThesis{frobel:tikhonov-regularisierung,
  author  = {C. Fr\"{o}bel},
  title   = {Tikhonov-Regularisierung zur Parameteridentifikation bei elliptischen und parabolischen Modellgleichungen.},
  year    = {2004},
  school  = {Universit\"{a}t Bremen, Germany},
  url     = {}
}

@Article{hasler.schneebeli.ea:mixed,
  author  = {U. Hasler and A. Schneebeli and D. Sch\"{o}tzau},
  title   = {Mixed finite element approximation of incompressible MHD problems based on weighted regularization},
  journal = {Applied Numerical Mathematics},
  year    = {2004},
  volume  = {51},
  pages   = {19--45},
  url     = {},
  doi     = {}
}

@Article{joshi.bangerth.ea:adaptive,
  author  = {A. Joshi and W. Bangerth and E. Sevick-Muraca},
  title   = {Adaptive finite element based tomography for fluorescence optical imaging in tissue},
  journal = {Optics Express},
  year    = {2004},
  volume  = {12},
  number  = {22},
  pages   = {5402--5417},
  url     = {http://www.opticsinfobase.org/oe/fulltext.cfm?uri=oe-12-22-5402&id=81637},
  doi     = {10.1364/OPEX.12.005402}
}

@InProceedings{joshi.bangerth.ea:adaptive*1,
  author  = {A. Joshi and W. Bangerth and A. B. Thompson and E. Sevick-Muraca},
  title   = {Adaptive finite element methods for fluorescence enhanced frequency domain optical tomography: Forward imaging problem},
  booktitle = {2nd IEEE International Symposium on Biomedical Imaging: Nano to Macro (IEEE Cat No. 04EX821)},
  year    = {2004},
  pages   = {1103--1106},
  doi     = {10.1109/ISBI.2004.1398735}
}

@Article{joshi.thompson.ea:adaptive,
  author  = {A. Joshi and A. B. Thompson and W. Bangerth and E. Sevick-Muraca},
  title   = {Adaptive finite element methods for forward modeling in fluorescence enhanced frequency domain optical tomography},
  journal = {Proceedings of the 2004 OSA Biomedical Topical Meetings},
  year    = {2004},
  volume  = {},
  pages   = {},
  url     = {},
  doi     = {}
}

@Article{kanschat.meinkohn:multi-model,
  author  = {G. Kanschat and E. Meinkohn},
  title   = {Multi-model preconditioning for radiative transfer problems, 2004.},
  journal = {IWR, University of Heidelberg, Preprint 2004-33},
  year    = {2004},
  volume  = {},
  pages   = {},
  url     = {http://citeseerx.ist.psu.edu/viewdoc/download?doi=10.1.1.87.169&rep=rep1&type=pdf},
  doi     = {}
}

@Article{kanschat:multi-level,
  author  = {G. Kanschat},
  title   = {Multi-level methods for discontinuous Galerkin FEM on locally refined meshes},
  journal = {Comput. \& Struct.},
  year    = {2004},
  volume  = {82},
  pages   = {2437--2445},
  url     = {},
  doi     = {}
}

@Article{ramirez.laso:micro-macro,
  author  = {J. Ramirez and M. Laso},
  title   = {Micro-macro simulations of three-dimensional plane contraction flow},
  journal = {Modelling Simul. Mater. Sci. Eng.},
  year    = {2004},
  volume  = {12},
  pages   = {1293--1306},
  url     = {},
  doi     = {}
}

@Article{schulz.bangerth.ea:independent,
  author  = {R. B. Schulz and W. Bangerth and J. Peter and W. Semmler},
  title   = {Independent modeling of fluorescence excitation and emission with the finite element method},
  journal = {Proceedings of the OSA BIOMED topical meeting, Miami, Florida, 14-18 April },
  year    = {2004},
  volume  = {},
  pages   = {},
  url     = {},
  doi     = {}
}

@Article{zander.weimar.ea:simulation,
  author  = {E. Zander and J. R. Weimar and H. G. Mathies},
  title   = {Simulation of High-Frequency Atmospheric Gas Discharges},
  journal = {PAMM},
  year    = {2004},
  volume  = {4},
  pages   = {428--429},
  url     = {},
  doi     = {}
}

@Comment{jabref-meta: databaseType:bibtex;}
