% Encoding: US-ASCII

@PhDThesis{adeniran:biophysically,
  author  = {I. Adeniran},
  title   = {Biophysically detailed modelling of the functional impact of gene mutations associated with the ``short QT syndrome''},
  year    = {2012},
  school  = {University of Manchester},
  url     = {}
}

@MastersThesis{albring:optimal,
  author  = {T. A. Albring},
  title   = {Optimal Control of PDEs solved by Fixed Point Iterations using Algorithmic Differentiation},
  school  = {RWTH Aachen University},
  note    = {Bachelor's thesis in Computational Engineering Science},
  year    = {2012},
  volume  = {},
  pages   = {},
  url     = {http://www.mathcces.rwth-aachen.de/_media/5people/albring/thesis_bsc.pdf},
  doi     = {}
}

@PhDThesis{alcalde:parallel,
  author  = {E. Romero Alcalde},
  title   = {Parallel implementation of Davidson-type methods for large-scale eigenvalue problems},
  year    = {2012},
  school  = {Universitat Politecnica de Valencia},
  url     = {}
}

@Article{alexe.sandu:fully,
  author  = {M. Alexe and A. Sandu},
  title   = {A fully discrete framework for the adaptive solution of inverse problems },
  journal = {Technical report, Computer Science Department, Virginia Tech.},
  year    = {2012},
  volume  = {},
  pages   = {},
  url     = {https://vtechworks.lib.vt.edu/handle/10919/19441},
  doi     = {}
}

@Article{bause.kocher:numerical,
  author  = {M. Bause and U. K\"{o}cher},
  title   = {Numerical simulation of elastic wave propagation in composite material},
  journal = {Proceedings of the European Congress on Computational Methods in Applied Sciences and Engineering (ECCOMAS 2012) J. Eberhardsteiner et.al. (eds.) Vienna, Austria, September 10-14},
  year    = {2012},
  volume  = {},
  pages   = {},
  url     = {http://link.springer.com/article/10.1007/s10915-014-9831-3},
  doi     = {}
}

@Article{besier.wollner:on,
  author  = {M. Besier and W. Wollner},
  title   = {On the pressure approximation in nonstationary incompressible flow simulations on dynamically varying spatial meshes},
  journal = {International Journal for Numerical Methods in Fluids},
  year    = {2012},
  volume  = {69},
  pages   = {1045--1064},
  url     = {},
  doi     = {}
}

@Article{blank.sarbu.ea:preconditioning,
  author  = {L. Blank and L. Sarbu and M. Stoll},
  title   = {Preconditioning for Allen-Cahn variational inequalities with non-local constraints},
  journal = {Journal of Computational Physics},
  year    = {2012},
  volume  = {231},
  pages   = {5406--5402},
  url     = {},
  doi     = {}
}

@Article{boehm.ulbrich:newton-cg,
  author  = {C. Boehm and M. Ulbrich},
  title   = {A Newton-CG method for full-waveform inversion in a coupled solid-fluid system},
  journal = {},
  note    = {Submitted},
  year    = {2012},
  volume  = {},
  pages   = {},
  url     = {http://www-m1.ma.tum.de/bin/view/Lehrstuhl/PublikationenUlbrich},
  doi     = {}
}

@PhDThesis{boyanova:on,
  author  = {P. Boyanova},
  title   = {On Numerical Solution Methods for Block-Structured Discrete Systems},
  year    = {2012},
  school  = {University of Uppsala},
  url     = {}
}

@Article{braack.lube.ea:divergence,
  author  = {M. Braack and G. Lube and L. R\"{o}he},
  title   = {Divergence preserving interpolation on anisotropic quadrilateral meshes},
  journal = {Comput. Methods Appl. Math., Vol. 12},
  year    = {2012},
  volume  = {},
  pages   = {123--138},
  url     = {},
  doi     = {}
}

@PhDThesis{burg:fully,
  author  = {M. B\"{u}rg},
  title   = {A Fully Automatic $hp$-Adaptive Refinement Strategy},
  year    = {2012},
  school  = {Karlsruhe Institute of Technology (KIT)},
  url     = {}
}

@Article{burg:residual-based,
  author  = {M. B\"{u}rg},
  title   = {A Residual-Based A Posteriori Error Estimator for the $hp$-Finite Element Method for Maxwell's Equations},
  journal = {Appl. Numer. Math.},
  year    = {2012},
  volume  = {62},
  pages   = {922--940},
  url     = {},
  doi     = {}
}

@Article{cangiani.georgoulis.ea:discontinuous,
  author  = {A. Cangiani and E. Georgoulis and M. Jensen},
  title   = {Discontinuous Galerkin methods for mass transfer through semi-permeable membranes},
  journal = {},
  note    = {Submitted},
  year    = {2012},
  volume  = {},
  pages   = {},
  url     = {http://www2.le.ac.uk/departments/mathematics/extranet/staff-material/staff-profiles/eg64/publications},
  doi     = {}
}

@Article{cangiani.georgoulis.ea:posteriori,
  author  = {A. Cangiani and E. Georgoulis and S. Metcalfe},
  title   = {An a posteriori error estimator for discontinuous Galerkin methods for non-stationary convection-diffusion problems},
  journal = {},
  note    = {Submitted},
  year    = {2012},
  volume  = {},
  pages   = {},
  url     = {},
  doi     = {}
}

@Article{carraro.joos.ea:3d,
  author  = {T. Carraro and J. Joos and B. R\"{u}ger and A. Weber and E. Ivers-Tiff\'{e}e},
  title   = {3D finite element model for reconstructed mixed-conducting cathodes: I. Performance quantification},
  journal = {Electrochimica Acta},
  year    = {2012},
  volume  = {77},
  pages   = {315--323},
  doi     = {10.1016/j.electacta.2012.04.109}
}

@Article{carraro.joos.ea:3d*1,
  author  = {T. Carraro and J. Joos and B. R\"{u}ger and A. Weber and E. Ivers-Tiff\'{e}e},
  title   = {3D finite element model for reconstructed mixed-conducting cathodes: II. Parameter sensitivity analysis},
  journal = {Electrochimica Acta},
  year    = {2012},
  volume  = {77},
  pages   = {309--314},
  doi     = {10.1016/j.electacta.2012.04.163}
}

@PhDThesis{chapman:on,
  author  = {J. Chapman},
  title   = {On Discontinuous Galerkin Methods for Singularly Perturbed and Incompressible Miscible Displacement Problems },
  year    = {2012},
  school  = {Durham University},
  url     = {http://etheses.dur.ac.uk/5886/1/JRChapman_thesis_final.pdf?DDD21}
}

@Article{demlow.georgoulis:pointwise,
  author  = {A. Demlow and A. H. Georgoulis},
  title   = {Pointwise a posteriori error control for discontinuous Galerkin methods for elliptic problems},
  journal = {SIAM Journal on Numerical Analysis},
  year    = {2012},
  volume  = {50},
  pages   = {2159--2181},
  url     = {},
  doi     = {}
}

@Article{dobson.lei.ea:characterization,
  author  = {P. Dobson and C. Lei and T. Navessin and M. Secanell},
  title   = {Characterization of the PEM Fuel Cell Catalyst Layer Microstructure by Nonlinear Least-Squares Parameter Estimation},
  journal = {Journal of the Electrochemical Society, 159(5), B1-B10},
  year    = {2012},
  volume  = {},
  pages   = {},
  url     = {},
  doi     = {}
}

@Article{efendiev.galvis.ea:robust,
  author  = {Y. Efendiev and J. Galvis and R. Lazarov and J. Willems},
  title   = {Robust domain decomposition preconditioners for abstract symmetric positive definite bilinear forms},
  journal = {ESAIM: Mathematical Modelling and Numerical Analysis},
  year    = {2012},
  volume  = {46},
  pages   = {1175--1199},
  doi     = {10.1051/m2an/2011073}
}

@InProceedings{efendiev.galvis.ea:robust*1,
  doi     = {10.1007/978-3-642-29843-1_4},
  year    = {2012},
  publisher = {Springer Berlin Heidelberg},
  pages   = {43--51},
  author  = {Yalchin Efendiev and Juan Galvis and Raytcho Lazarov and Joerg Willems},
  title   = {Robust Solvers for Symmetric Positive Definite Operators and Weighted Poincar{\'{e}} Inequalities},
  booktitle = {Large-Scale Scientific Computing LSSC 2011},
  editors = {I. Lirkov and S. Margenov and J. Wasniewski}
}

@Article{fang.gao.ea:kohn-sham,
  author  = {J. Fang and X. Gao and A. Zhou},
  title   = {A Kohn-Sham equation solver based on hexahedral finite elements},
  journal = {Journal of Computational Physics, pp. 3166--3180},
  year    = {2012},
  volume  = {231},
  pages   = {},
  url     = {},
  doi     = {}
}

@Article{fankhauser.wihler.ea:hp-adaptive,
  author  = {T. Fankhauser and T. P. Wihler and M. Wirz},
  title   = {hp-adaptive FEM based on continuous Sobolev embeddings: isotropic refinements},
  journal = {Research report 2012-10, University of Bern, Switzerland},
  year    = {2012},
  volume  = {},
  pages   = {},
  url     = {},
  doi     = {}
}

@MastersThesis{fankhauser:hp-adaptive,
  author  = {T. Fankhauser},
  title   = {An hp-adaptive strategy based on smoothness estimation in 2d},
  year    = {2012},
  school  = {University of Bern, Switzerland},
  url     = {}
}

@PhDThesis{ferguson:brittle,
  author  = {L. Ferguson},
  title   = {Brittle fracture modeling with a surface tension excess property},
  year    = {2012},
  school  = {Texas A\&M University},
  url     = {}
}

@Article{frisani.hassan:on,
  author  = {A. Frisani and Y. A. Hassan},
  title   = {On the Immersed Boundary Method: Finite Element Versus Finite Volume Approach},
  journal = {2012 20th International Conference on Nuclear Engineering and the ASME 2012 Power Conference},
  year    = {2012},
  volume  = {},
  pages   = {535--547},
  url     = {http://proceedings.asmedigitalcollection.asme.org/proceeding.aspx?articleid=1764417},
  doi     = {}
}

@Article{gaitero.dolado.ea:computational,
  author  = {J. J. Gaitero and J. S. Dolado and C. Neuen and F. Heber and E. Koenders},
  title   = {Computational 3d simulation of Calcium leaching in cement matrices},
  journal = {Institut f\"{u}r numerische Simulation, Rheinische Friedrich-Wilhelms-Universit\"{a}t Bonn, INS Preprint 1203},
  year    = {2012},
  volume  = {},
  pages   = {},
  url     = {},
  doi     = {}
}

@MastersThesis{hai:numerical,
  author  = {B. S. M. Ebna Hai},
  title   = {Numerical approximation of fluid structure interaction (FSI) problem and simplified model for the vertical vibrations of the aircraft wing},
  year    = {2012},
  school  = {University of Hamburg, Germany and University of L'Aquila, Italy},
  isbn    = {978-3-659-30284-8},
  url     = {https://www.lap-publishing.com/catalog/details/store/gb/book/978-3-659-30284-8/numerical-approximation-of-fluid-structure-interaction-fsi-problem}
}

@InProceedings{hartmann:higher-order,
  doi     = {10.2514/6.2012-459},
  year    = {2012},
  month   = nov,
  publisher = {American Institute of Aeronautics and Astronautics},
  author  = {Ralf Hartmann},
  title   = {Higher-Order and Adaptive Discontinuous Galerkin Methods with Shock-Capturing Applied to Transonic Turbulent Delta Wing Flow},
  booktitle = {50th {AIAA} Aerospace Sciences Meeting including the New Horizons Forum and Aerospace Exposition}
}

@Article{heltai.costanzo:variational,
  author  = {L. Heltai and F. Costanzo},
  title   = {Variational implementation of immersed finite element methods},
  journal = {Computer Methods in Applied Mechanics and Engineering},
  year    = {2012},
  volume  = {229--232},
  pages   = {110--127},
  doi     = {10.1016/j.cma.2012.04.001}
}

@Article{heltai.roy.ea:fully,
  author  = {L. Heltai and S. Roy and F. Costanzo},
  title   = {A Fully Coupled Immersed Finite Element Method for Fluid Structure Interaction via the Deal.II Library},
  journal = {arXiv:1209.2811 [math.NA]},
  year    = {2012},
  volume  = {},
  pages   = {},
  url     = {},
  doi     = {}
}

@Article{hintermuller.schiela.ea:length,
  author  = {M. Hinterm\"{u}ller and A. Schiela and W. Wollner},
  title   = {The length of the primal-dual path in Moreau-Yosida-based path-following for state constrained optimal control},
  journal = {Hamburger Beitr\"{a}ge zur Angewandten Mathematik, 2012-03},
  year    = {2012},
  volume  = {},
  pages   = {},
  url     = {},
  doi     = {}
}

@Article{hinze.kunkel.ea:model,
  author  = {M. Hinze and M. Kunkel and A. Steinbrecher and T. Stykel},
  title   = {Model order reduction of coupled circuit-device systems},
  journal = {International Journal of Numerical Modelling: Electronic Networks, Devices and Fields},
  year    = {2012},
  volume  = {25},
  number  = {4},
  pages   = {362--377},
  doi     = {10.1002/jnm.840}
}

@Article{hinze.kunkel.ea:pod,
  author  = {M. Hinze and M. Kunkel and U. Matthes},
  title   = {POD Model Order Reduction of electrical networks with semiconductors modeled by the transient Drift--Diffusion equations},
  journal = {Progress in Industrial Mathematics at ECMI 2010 Mathematics in Industry, pp 161-168},
  year    = {2012},
  volume  = {17},
  pages   = {},
  url     = {http://link.springer.com/chapter/10.1007/978-3-642-25100-9_19},
  doi     = {}
}

@Article{hinze.kunkel:discrete,
  author  = {M. Hinze and M. Kunkel},
  title   = {Discrete empirical interpolation in POD Model Order Reduction of Drift-Diffusion Equations in Electrical Networks},
  journal = {Scientific Computing in Electrical Engineering, SCEE 2010 Mathematics in Industry, part 5},
  year    = {2012},
  volume  = {16},
  pages   = {423--431},
  url     = {http://link.springer.com/chapter/10.1007%2F978-3-642-22453-9_45},
  doi     = {}
}

@Article{jirousek.zlamal:large-scale,
  author  = {O. Jirousek and P. Zlamal},
  title   = {Large-scale micro-finite element simulation of compressive behavior of trabecular bone microstructure},
  journal = {Proceedings of the 18th Conference on Engineering Mechanics, Svratka, Czech Republic, May 14-17, 2012; paper \#206},
  year    = {2012},
  volume  = {},
  pages   = {543--549},
  url     = {},
  doi     = {}
}

@Article{joos.ender.ea:representative,
  author  = {J. Joos and M. Ender and T. Carraro and A. Weber and E. Ivers-Tiff\'{e}e},
  title   = {Representative Volume Element Size for Accurate Solid Oxide Fuel Cell Cathode Reconstructions from Focused Ion Beam Tomography Data},
  journal = {Electrochimica Acta},
  year    = {2012},
  volume  = {},
  pages   = {},
  url     = {http://www.sciencedirect.com/science/article/pii/S001346861200761X},
  doi     = {},
  note    = {In press}
}

@PhDThesis{joshi:model,
  author  = {S. Joshi},
  title   = {A model for the estimation of residual stresses in soft tissues},
  year    = {2012},
  school  = {Texas A\&M University},
  url     = {}
}

@PhDThesis{kormann:efficient,
  author  = {K. Kormann},
  title   = {Efficient and Reliable Simulation of Quantum Molecular Dynamics},
  year    = {2012},
  school  = {Uppsala University},
  url     = {http://www.diva-portal.org/smash/record.jsf?pid=diva2%3A549981&dswid=6393}
}

@PhDThesis{kormann:on,
  author  = {K. Kormann},
  title   = {On Numerical Solution Methods for Block-Structured Discrete Systems},
  year    = {2012},
  school  = {University of Uppsala},
  url     = {}
}

@Article{kormann:time-space,
  author  = {K. Kormann},
  title   = {A time-space adaptive method for the Schr\"{o}dinger equation},
  journal = {University of Uppsala, research report},
  year    = {2012},
  volume  = {},
  pages   = {},
  url     = {https://www.cambridge.org/core/journals/communications-in-computational-physics/article/timespace-adaptive-method-for-the-schrodinger-equation/92B29B2C22440E091DD4DB7149E9140D},
  doi     = {}
}

@PhDThesis{kramer:cuda-based,
  author  = {S. Kramer},
  title   = {CUDA-based scientific computing tools and selected applications},
  year    = {2012},
  school  = {G\"{o}ttingen University, Germany},
  url     = {}
}

@Article{kronbichler.heister.ea:high,
  author  = {M. Kronbichler and T. Heister and W. Bangerth},
  title   = {High Accuracy Mantle Convection Simulation through Modern Numerical Methods},
  journal = {Geophysical Journal International},
  year    = {2012},
  volume  = {191},
  pages   = {12--29},
  url     = {},
  doi     = {}
}

@Article{kronbichler.kormann:generic,
  doi     = {10.1016/j.compfluid.2012.04.012},
  url     = {https://doi.org/10.1016/j.compfluid.2012.04.012},
  year    = {2012},
  month   = jun,
  publisher = {Elsevier {BV}},
  volume  = {63},
  pages   = {135--147},
  author  = {Martin Kronbichler and Katharina Kormann},
  title   = {A generic interface for parallel cell-based finite element operator application},
  journal = {Computers {\&} Fluids}
}

@PhDThesis{kunkel:nonsmooth,
  author  = {M. Kunkel},
  title   = {Nonsmooth Newton Methods and Convergence of Discretized Optimal Control Problems subject to DAEs},
  year    = {2012},
  school  = {Universit\"{a}t der Bundeswehr M\"{u}nchen},
  url     = {}
}

@Article{lowe.lube:projection-based,
  author  = {J. L\"{o}we and G. Lube},
  title   = {A projection-based variational multiscale method for large-eddy simulation with application to non-isothermal free convection problems},
  journal = {Math. Models Methods Appl. Sci., article 1150011},
  year    = {2012},
  volume  = {22},
  pages   = {},
  url     = {},
  doi     = {}
}

@Article{mcbride.mergheim.ea:micro-to-macro,
  author  = {A. T. McBride and J. Mergheim and A. Javili and P. Steinmann and S. Bargmann},
  title   = {Micro-to-macro transitions for heterogeneous material layers accounting for in-plane stretch},
  journal = {Journal of the Mechanics and Physics of Solids},
  year    = {2012},
  volume  = {60},
  pages   = {1221--1239},
  url     = {},
  doi     = {}
}

@MastersThesis{moore:investigation,
  author  = {M. Moore},
  title   = {Investigation of the Double-Trap Intrinsic Kinetic Equation for the Oxygen Reduction Reaction and its implementation into a Membrane Electrode Assembly model},
  year    = {2012},
  school  = {Department of Mechanical Engineering},
  url     = {https://era.library.ualberta.ca/public/view/item/uuid:79f8832e-b550-49fd-8160-9b055147ee6d/}
}

@Article{neuen.griebel.ea:multiscale,
  author  = {C. Neuen and M. Griebel and J. Hamaekers},
  title   = {Multiscale simulation of ion migration for battery system},
  journal = {Institut f\"{u}r numerische Simulation, Rheinische Friedrich-Wilhelms-Universit\"{a}t Bonn, INS Preprint 1208},
  year    = {2012},
  volume  = {},
  pages   = {},
  url     = {},
  doi     = {}
}

@Article{pearson.stoll.ea:regularization-robust,
  author  = {J. Pearson and M. Stoll and A. Wathen},
  title   = {Regularization-robust preconditioners for time-dependent PDE constrained optimization problems},
  journal = {SIAM J. Matrix Analysis and Applications},
  year    = {2012},
  volume  = {33},
  pages   = {1126--1152},
  url     = {},
  doi     = {}
}

@Article{pelteret.reddy:computational,
  author  = {J-P. V. Pelteret and B. D. Reddy},
  title   = {Computational model of soft tissues in the human upper airway},
  journal = {International Journal for Numerical Methods in Biomedical Engineering},
  year    = {2012},
  volume  = {28},
  number  = {1},
  pages   = {111--132},
  month   = jan,
  doi     = {10.1002/cnm.1487},
  publisher = {Wiley}
}

@Article{rapson.tapson.ea:unification,
  doi     = {10.1121/1.3699238},
  url     = {https://doi.org/10.1121/1.3699238},
  year    = {2012},
  month   = may,
  publisher = {Acoustical Society of America ({ASA})},
  volume  = {131},
  number  = {5},
  pages   = {3935--3952},
  author  = {Michael J. Rapson and Jonathan C. Tapson and David Karpul},
  title   = {Unification and extension of monolithic state space and iterative cochlear models},
  journal = {The Journal of the Acoustical Society of America}
}

@PhDThesis{rapson:extensible,
  author  = {Michael J. Rapson},
  title   = {An extensible computational cochlear modelling framework},
  year    = {2012},
  school  = {University of Cape Town},
  url     = {http://hdl.handle.net/11427/5117}
}

@Article{reis.wollner:finite-rank,
  author  = {T. Reis and W. Wollner},
  title   = {Finite-Rank ADI Iteration for Operator Lyapunov Equations},
  journal = {Hamburger Beitr\"{a}ge zur Angewandten Mathematik, 2012-09},
  year    = {2012},
  volume  = {},
  pages   = {},
  url     = {},
  doi     = {}
}

@MastersThesis{richardson:investigation,
  author  = {N. Richardson},
  title   = {An Investigation into Aspects of Rate-Independent Single Crystal Plasticity},
  year    = {2012},
  school  = {University of Cape Town, South Africa},
  url     = {}
}

@Article{riedlbauer.mergheim.ea:macroscopic,
  author  = {D. Riedlbauer and J. Mergheim and A. McBride and P. Steinmann},
  title   = {Macroscopic modelling of the selective beam melting process},
  journal = {PAMM, p. 381-382},
  year    = {2012},
  volume  = {12},
  pages   = {},
  url     = {},
  doi     = {}
}

@PhDThesis{roy:numerical,
  author  = {S. Roy},
  title   = {Numerical simulation using the generalized immersed boundary method: An application to Hydrocephalus},
  year    = {2012},
  school  = {The Pennsylvania State University},
  url     = {}
}

@Article{sauter:multiscale,
  author  = {J. Sauter},
  title   = {A Multiscale Method for Interacting Particle Systems},
  journal = {Diplomarbeit, Westfalische Wilhelms-Universitat Munster},
  year    = {2012},
  volume  = {},
  pages   = {},
  url     = {http://wwwmath.uni-muenster.de/num/Arbeitsgruppen/ag_burger/organization/burger/pictures/DA%20Sauter.pdf},
  doi     = {}
}

@Article{schotzau.schwab.ea:exponential,
  author  = {D. Sch\"{o}tzau and C. Schwab and T. Wihler and M. Wirz},
  title   = {Exponential convergence of the hp-DGFEM for elliptic problems in polyhedral domains},
  journal = {Research Report 2012-40, Seminar f\"{u}r Angewandte Mathematik, ETH Zurich},
  year    = {2012},
  volume  = {},
  pages   = {},
  url     = {},
  doi     = {}
}

@MastersThesis{sheldon:comparison,
  author  = {J. Sheldon},
  title   = {A comparison of fluid-structure interaction coupling algorithms using the finite element method},
  year    = {2012},
  school  = {The Pennsylvania State University},
  url     = {}
}

@Article{stoll.wathen:all-at-once,
  author  = {M. Stoll and A. Wathen},
  title   = {All-at-once solution of time-dependent Stokes control},
  journal = {Journal of Computational Physics},
  year    = {2012},
  volume  = {232},
  pages   = {498--515},
  url     = {},
  doi     = {}
}

@Article{stoll.wathen:preconditioning,
  author  = {M. Stoll and A. Wathen},
  title   = {Preconditioning for partial differential equation constrained optimization with control constraints},
  journal = {Numerical Linear Algebra with Applications},
  year    = {2012},
  volume  = {19},
  pages   = {53--71},
  url     = {},
  doi     = {}
}

@Article{symes.wang:harmonic,
  author  = {W. Symes and X. Wang},
  title   = {Harmonic coordinate finite element method for acoustic waves},
  journal = {SEG Technical Program Expanded Abstracts 2012},
  year    = {2012},
  volume  = {},
  pages   = {1--5},
  url     = {},
  doi     = {}
}

@Article{taylor.dontsova.ea:dissolution,
  author  = {S. Taylor and K. Dontsova and S. Bigl and C. Richardson and J. Lever and J. Pitt and J. P. Bradley and M. Walsh. J. Simunek},
  title   = {Dissolution Rate of Propellant Energetics from Nitrocellulose Matrices},
  journal = {Engineer Research and Development Center, Cold Regions Research and Engineering Laboratory, US Army Corps of Engineers, Technical Report ER-1691},
  year    = {2012},
  volume  = {},
  pages   = {},
  url     = {},
  doi     = {}
}

@Article{thalhammer.abhau:numerical,
  author  = {M. Thalhammer and J. Abhau},
  title   = {A numerical study of adaptive space and time discretisations for Gross--Pitaevskii equations},
  journal = {Journal of Computational Physics},
  year    = {2012},
  volume  = {231},
  pages   = {6665--6681},
  url     = {},
  doi     = {}
}

@Article{trangenstein:numerical,
  author  = {J. Trangenstein},
  title   = {Numerical Solution of Elliptic and Parabolic Partial Differential Equations},
  journal = {Cambridge University Press},
  year    = {2012},
  volume  = {},
  pages   = {},
  url     = {},
  doi     = {}
}

@Article{vavalis.mu.ea:finite,
  author  = {M. Vavalis and M. Mu and G. Sarailidis},
  title   = {Finite element simulations of window Josephson junctions},
  journal = {Journal of Computational and Applied Mathematics},
  year    = {2012},
  volume  = {236},
  pages   = {3186--3197},
  url     = {},
  doi     = {}
}

@Article{wallraff.leicht.ea:numerical,
  author  = {M. Wallraff and T. Leicht and M. Lange-Hegermann},
  title   = {Numerical flux functions for RANS-k$\omega$ computations with a line-implicit p-multigrid DG solver},
  journal = {50$^{\textnormal{th}}$ AIAA Aerospace Sciences Meeting, AIAA 2012-458},
  year    = {2012},
  volume  = {},
  pages   = {},
  url     = {},
  doi     = {}
}

@Article{wang:transfer-of-approximation,
  author  = {X. Wang},
  title   = {Transfer-of-approximation Approaches for Subgrid Modeling},
  journal = {PhD dissertation, Rice University},
  year    = {2012},
  volume  = {},
  pages   = {},
  url     = {http://www.trip.caam.rice.edu/reports/2012/ThesisFinal_XWang.pdf},
  doi     = {}
}

@Article{wick:goal-oriented,
  author  = {T. Wick},
  title   = {Goal-oriented mesh adaptivity for fluid-structure interaction with application to heart-valve settings},
  journal = {Arch. Mech. Engrg.},
  year    = {2012},
  volume  = {59},
  pages   = {73--99},
  url     = {},
  doi     = {}
}

@Article{willems:robust,
  author  = {J. Willems},
  title   = {Robust multilevel methods for general symmetric positive definite operators},
  journal = {RICAM Report 2012-06},
  year    = {2012},
  volume  = {},
  pages   = {},
  url     = {},
  doi     = {}
}

@PhDThesis{worthen:inverse,
  author  = {J. A. Worthen},
  title   = {Inverse problems in mantle convection : models, algorithms, and applications },
  year    = {2012},
  school  = {- University of Texas},
  url     = {http://repositories.lib.utexas.edu/handle/2152/19458}
}

@Article{yoon.walkley.ea:two,
  author  = {S. Yoon and M. A. Walkley and O. G. Harlen},
  title   = {Two particle interactions in a confined viscoelastic fluid under shear},
  journal = {Journal of Non-Newtonian Fluid Mechanics, /186},
  year    = {2012},
  volume  = {185},
  pages   = {39--48},
  url     = {},
  doi     = {}
}

@Article{zhang.lin.ea:new,
  author  = {S. Zhang and X. Lin and H. Zhang and D. A. Yuen and Y. Shi},
  title   = {A new method for calculating displacements from elastic dislocation over arbitrary 3-D fault surface with extended FEM and Adaptive Mesh Refinement (AMR)},
  journal = {Proceedings of the International Workshop on Deep Geothermal Systems, Wuhan, China, June 29-30},
  year    = {2012},
  volume  = {},
  pages   = {},
  url     = {},
  doi     = {}
}

@Comment{jabref-meta: databaseType:bibtex;}
