% Encoding: US-ASCII

@InProceedings{2000_0,
  author    = {W. Bangerth},
  title     = {Mesh Adaptivity and Error Control for a Finite Element Approximation of the Elastic Wave Equation},
  booktitle = {Fifth International Conference on Mathematical and Numerical Aspects of Wave Propagation},
  year      = {2000},
  pages     = {725--729},
  url       = {http://www.math.colostate.edu/~bangerth/publications/2000-waves2000.pdf},
}

@TechReport{2000_1,
  author      = {W. Bangerth},
  title       = {Multi-threading support in deal.II},
  institution = {IWR Heidelberg},
  year        = {2000},
  number      = {Preprint 2000-11 (SFB 359)},
}

@InProceedings{2000_2,
  author    = {W. Bangerth},
  title     = {Using Modern Features of C++ for Adaptive Finite Element Methods: Dimension-Independent Programming in deal.II},
  booktitle = {Proceedings of the 16th IMACS World Congress},
  year      = {2000},
  pages     = {118},
  address   = {Lausanne, Switzerland},
  url       = {http://www.math.colostate.edu/~bangerth/publications/2000-imacs.pdf},
}

@MastersThesis{2000_3,
  author    = {F. Mohamed},
  title     = {Interaction of vortices in superconductors with kappa close to 1/sqrt(2)},
  school    = {ETH Zurich},
  year      = {2000},
}

@Comment{jabref-meta: databaseType:bibtex;}
