% Encoding: US-ASCII

@Article{Basak2019a,
  author    = {Anup Basak and Valery I. Levitas},
  title     = {Finite element procedure and simulations for a multiphase phase field approach to martensitic phase transformations at large strains and with interfacial stresses},
  journal   = {Computer Methods in Applied Mechanics and Engineering},
  year      = {2019},
  volume    = {343},
  pages     = {368--406},
  month     = {jan},
  doi       = {10.1016/j.cma.2018.08.006},
  publisher = {Elsevier {BV}},
  url       = {https://www.researchgate.net/profile/Anup_Basak/publication/326847352_Finite_element_procedure_and_simulations_for_a_multiphase_phase_field_approach_to_martensitic_phase_transformations_at_large_strains_and_with_interfacial_stresses/links/5baae99da6fdccd3cb733c04/Finite-element-procedure-and-simulations-for-a-multiphase-phase-field-approach-to-martensitic-phase-transformations-at-large-strains-and-with-interfacial-stresses.pdf},
}

@article{ZHANG2019634,
  title = {A high-order and interface-preserving discontinuous Galerkin method for level-set reinitialization},
  journal = {Journal of Computational Physics},
  volume = {378},
  pages = {634 - 664},
  year = {2019},
  issn = {0021-9991},
  doi = {10.1016/j.jcp.2018.11.029},
  url = {http://www.sciencedirect.com/science/article/pii/S0021999118307733},
  author = {Jiaqi Zhang and Pengtao Yue},
  keywords = {Hamilton-Jacobi equation, Numerical flux, Second-derivative limiter, Weighted local projection, Moving contact line}
}




@Article{SWK19,
  author =       {S. Schoeder and W. A. Wall and M. Kronbichler},
  title =        {{ExWave}: {A} high performance discontinuous {G}alerkin
                  solver for the acoustic wave equation},
  journal =      {SoftwareX},
  year =         2019,
  volume =    9,
  pages =     {49--54},
  doi = {10.1016/j.softx.2019.01.001}}



@Article{qinami19:_circum,
  author =       {A. Qinami and E. C. Bryant and W. Sun and M. Kaliske},
  title =        {Circumventing mesh bias by r-and h-adaptive techniques for variational eigenfracture},
  journal =      {International Journal of Fracture},
  year =         2019,
  note =      {submitted}}


@InProceedings{10.1007/978-3-030-04915-7_21,
  author="Berselli, L. C.
          and Wells, D.
          and Xie, X.
          and Iliescu, T.",
  editor="Salvetti, Maria Vittoria
          and Armenio, Vincenzo
          and Fr{\"o}hlich, Jochen
          and Geurts, Bernard J.
          and Kuerten, Hans",
  title="Spatial Filtering for Reduced Order Modeling",
  booktitle="Direct and Large-Eddy Simulation XI",
  year="2019",
  publisher="Springer International Publishing",
  address="Cham",
  pages="151--157",
  doi = "10.1007/978-3-030-04915-7_21"
}



@Comment{jabref-meta: databaseType:bibtex;}
