% Encoding: US-ASCII

@article{Zhang2018,
  doi = {10.1016/j.amc.2018.06.017},
  url = {https://doi.org/10.1016/j.amc.2018.06.017},
  year = {2018},
  month = dec,
  publisher = {Elsevier {BV}},
  volume = {338},
  pages = {274--289},
  author = {Hong Zhang and Paul Andries Zegeling},
  title = {Simulation of thin film flows with a moving mesh mixed finite element method},
  journal = {Applied Mathematics and Computation}
}

@article{Liu2018,
  doi = {10.1007/s00466-018-1662-x},
  url = {https://doi.org/10.1007/s00466-018-1662-x},
  year = {2018},
  month = dec,
  publisher = {Springer Science and Business Media {LLC}},
  volume = {64},
  number = {1},
  pages = {147--161},
  author = {Chenchen Liu and Celia Reina},
  title = {Dynamic homogenization of resonant elastic metamaterials with space/time modulation},
  journal = {Computational Mechanics}
}

@article{Carraro2018,
  doi = {10.1007/s10957-018-1242-4},
  url = {https://doi.org/10.1007/s10957-018-1242-4},
  year = {2018},
  month = feb,
  publisher = {Springer Science and Business Media {LLC}},
  volume = {177},
  number = {2},
  pages = {498--534},
  author = {Thomas Carraro and Simon D\"{o}rsam and Stefan Frei and Daniel Schwarz},
  title = {An Adaptive Newton Algorithm for Optimal Control Problems with Application to Optimal Electrode Design},
  journal = {Journal of Optimization Theory and Applications}
}

@article{Veske2018,
  doi = {10.1016/j.jcp.2018.04.031},
  url = {https://doi.org/10.1016/j.jcp.2018.04.031},
  year = {2018},
  month = aug,
  publisher = {Elsevier {BV}},
  volume = {367},
  pages = {279--294},
  author = {Mihkel Veske and Andreas Kyritsakis and Kristjan Eimre and Vahur Zadin and Alvo Aabloo and Flyura Djurabekova},
  title = {Dynamic coupling of a finite element solver to large-scale atomistic simulations},
  journal = {Journal of Computational Physics}
}

@article{Potschka2018,
  doi = {10.1007/s11075-018-0539-6},
  url = {https://doi.org/10.1007/s11075-018-0539-6},
  year = {2018},
  month = may,
  publisher = {Springer Science and Business Media {LLC}},
  volume = {81},
  number = {1},
  pages = {151--180},
  author = {Andreas Potschka},
  title = {Backward step control for Hilbert space problems},
  journal = {Numerical Algorithms}
}

@article{Bzowski2018,
  title = {Application of statistical representation of the microstructure to modeling of phase transformations in DP steels by solution of the diffusion equation},
  journal = {Procedia Manufacturing},
  volume = {15},
  pages = {1847--1855},
  year = {2018},
  note = {Proceedings of the 17th International Conference on Metal Forming METAL FORMING 2018 September 16 -- 19, 2018, Loisir Hotel Toyohashi, Toyohashi, Japan},
  doi = {https://doi.org/10.1016/j.promfg.2018.07.205},
  url = {http://www.sciencedirect.com/science/article/pii/S2351978918308977},
  author = {Krzysztof Bzowski and Lukasz Rauch and Maciej Pietrzyk},
}

@article{Bonito_2018,
   title={Numerical methods for fractional diffusion},
   volume={19},
   ISSN={1433-0369},
   url={http://dx.doi.org/10.1007/s00791-018-0289-y},
   DOI={10.1007/s00791-018-0289-y},
   number={5-6},
   journal={Computing and Visualization in Science},
   publisher={Springer Science and Business Media LLC},
   author={Bonito, Andrea and Borthagaray, Juan Pablo and Nochetto, Ricardo H. and Ot{\'a}rola, Enrique and Salgado, Abner J.},
   year={2018},
   month={Mar},
   pages={19--46}
}

@article{Cangiani2018,
  doi = {10.1098/rspa.2017.0608},
  url = {https://doi.org/10.1098/rspa.2017.0608},
  year = {2018},
  month = may,
  publisher = {The Royal Society},
  volume = {474},
  number = {2213},
  pages = {20170608},
  author = {A. Cangiani and E. H. Georgoulis and A. Yu. Morozov and O. J. Sutton},
  title = {Revealing new dynamical patterns in a reaction-diffusion model with cyclic competition via a novel computational framework},
  journal = {Proceedings of the Royal Society A: Mathematical,  Physical and Engineering Sciences}
}


@article{Dorschner2018,
  doi = {10.1103/physreve.97.023305},
  url = {https://doi.org/10.1103/physreve.97.023305},
  year = {2018},
  month = feb,
  publisher = {American Physical Society ({APS})},
  volume = {97},
  number = {2},
  author = {B. Dorschner and S. S. Chikatamarla and I. V. Karlin},
  title = {Fluid-structure interaction with the entropic lattice Boltzmann method},
  journal = {Physical Review E}
}

@Article{dealII90,
  title     = {The \texttt{deal.II} Library, Version 9.0},
  author    = {G. Alzetta and D. Arndt and W. Bangerth and V. Boddu and B. Brands and D. Davydov and R. Gassmoeller and T. Heister and L. Heltai and K. Kormann and M. Kronbichler and M. Maier and J.-P. Pelteret and B. Turcksin and D. Wells},
  journal   = {Journal of Numerical Mathematics},
  year      = {2018},
  volume    = {26},
  number    = {4},
  pages     = {173--183},
  doi       = {10.1515/jnma-2018-0054},
}

@article{2018_1,
   author  = {J. C. Araujo-Cabarcas and C. Engstr\"{o}m and E. Jarlebring},
   title   = {Efficient resonance computations for Helmholtz problems based on a Dirichlet-to-Neumann map},
   journal = {Journal of Computational and Applied Mathematics},
   year    = {2018},
   volume  = {330},
   pages   = {177--192},
   url     = {},
   doi     = {}
}

@article{2018_2,
   author  = {A. Basak and V. I. Levitas},
   title   = {Phase field study of surface-induced melting and solidification from a nanovoid: Effect of dimensionless width of void surface and void size},
   journal = {Applied Physics Letters, article 201602},
   year    = {2018},
   volume  = {112},
   pages   = {},
   url     = {https://doi.org/10.1063/1.5029911},
   doi     = {}
}

@article{2018_3,
   author  = {M. Bause and U. K\"{o}cher and F. A. Radu and F. Schieweck},
   title   = {Post-processed Galerkin approximation of improved order for wave equations},
   journal = {},
   note = {Submitted},
   year    = {2018},
   volume  = {},
   pages   = {},
   url     = {},
   doi     = {}
}

@article{Bonito2018,
  doi = {10.1137/17m1163311},
  url = {https://doi.org/10.1137/17m1163311},
  year = {2018},
  month = jan,
  publisher = {Society for Industrial {\&} Applied Mathematics ({SIAM})},
  volume = {56},
  number = {5},
  pages = {2963--2988},
  author = {Andrea Bonito and Alan Demlow and Justin Owen},
  title = {A Priori Error Estimates for Finite Element Approximations to Eigenvalues and Eigenfunctions of the Laplace--Beltrami Operator},
  journal = {{SIAM} Journal on Numerical Analysis}
}

@article{2018_5,
   author  = {J. Both and U. K\"{o}cher},
   title   = {Numerical investigation on the fixed-stress splitting scheme for Biot's equations: Optimality of the tuning parameter},
   journal = {Numer. Math. Adv. Appl. ENUMATH 2017},
   year    = {2018},
   volume  = {},
   pages   = {},
   url     = {},
   doi     = {},
   note    = {Accepted}
}

@article{Puckett2018,
  doi = {10.1016/j.pepi.2017.10.004},
  url = {https://doi.org/10.1016/j.pepi.2017.10.004},
  year = {2018},
  month = mar,
  publisher = {Elsevier {BV}},
  volume = {276},
  pages = {10--35},
  author = {Elbridge Gerry Puckett and Donald L. Turcotte and Ying He and Harsha Lokavarapu and Jonathan M. Robey and Louise H. Kellogg},
  title = {New numerical approaches for modeling thermochemical convection in a compositionally stratified fluid},
  journal = {Physics of the Earth and Planetary Interiors}
}

@article{2018_6,
   author  = {K. D. Brauss and A. J. Meir},
   title   = {On a parallel, 3-dimensional, finite element solver for viscous, resistive, stationary magnetohydrodynamics equations: {V}elocity-current formulation},
   journal = {Applied Numerical Mathematics},
   year    = {2018},
   volume  = {},
   pages   = {},
   url     = {https://doi.org/10.1016/j.apnum.2018.01.014},
   doi     = {},
   note    = {In press}
}

@article{Axelsson2018,
  doi = {10.1515/jnma-2017-0047},
  url = {https://doi.org/10.1515/jnma-2017-0047},
  year = {2018},
  month = dec,
  publisher = {Walter de Gruyter {GmbH}},
  volume = {26},
  number = {4},
  pages = {185--207},
  author = {Owe Axelsson and Maya Neytcheva and Anders Str\"{o}m},
  title = {An efficient preconditioning method for state box-constrained optimal control problems},
  journal = {Journal of Numerical Mathematics}
}

@article{2018_7,
   author  = {E. Bredow and B. Steinberger},
   title   = {Variable melt production rate of the Kerguelen hotspot due to long-term plume-ridge interaction},
   journal = {Geophysical Research Letters},
   year    = {2018},
   volume  = {},
   pages   = {},
   url     = {http://onlinelibrary.wiley.com/doi/10.1002/2017GL075822/full},
   doi     = {10.1002/2017GL075822},
   note    = {Accepted}
}

@article{2018_8,
   author  = {J. Choo and W. C. Sun},
   title   = {Cracking and damage from crystallization in pores: Coupled chemo-hydro-mechanics and phase-field modeling},
   journal = {Computer Methods in Applied Mechanics and Engineering, pp. 347--379},
   year    = {2018},
   volume  = {335},
   pages   = {},
   url     = {},
   doi     = {}
}

@Article{2018_9,
  author    = {Jinhyun Choo and Sanghyun Lee},
  title     = {Enriched Galerkin finite elements for coupled poromechanics with local mass conservation},
  journal   = {Computer Methods in Applied Mechanics and Engineering},
  year      = {2018},
  volume    = {341},
  pages     = {311--332},
  month     = {nov},
  doi       = {10.1016/j.cma.2018.06.022},
  publisher = {Elsevier {BV}},
}

@article{Lee2018,
  author = {Sanghyun Lee and Mary F. Wheeler},
  title = {Enriched Galerkin methods for two-phase flow in porous media with capillary pressure},
  doi = {10.1016/j.jcp.2018.03.031},
  url = {https://doi.org/10.1016/j.jcp.2018.03.031},
  year = {2018},
  month = aug,
  publisher = {Elsevier {BV}},
  volume = {367},
  pages = {65--86},
  journal = {Journal of Computational Physics}
}

@article{Chang2018,
  doi = {10.1137/18m1172260},
  url = {https://doi.org/10.1137/18m1172260},
  year = {2018},
  month = jan,
  publisher = {Society for Industrial {\&} Applied Mathematics ({SIAM})},
  volume = {40},
  number = {6},
  pages = {C779--C802},
  author = {Justin Chang and Maurice S. Fabien and Matthew G. Knepley and Richard T. Mills},
  title = {Comparative Study of Finite Element Methods Using the Time-Accuracy-Size({TAS}) Spectrum Analysis},
  journal = {{SIAM} Journal on Scientific Computing}
}

@article{davydov2018matrix,
  title={Matrix-Free Locally Adaptive Finite Element Solution of Density-Functional Theory With Nonorthogonal Orbitals and Multigrid Preconditioning},
  author={Davydov, Denis and Heister, Timo and Kronbichler, Martin and Steinmann, Paul},
  journal={physica status solidi (b)},
  volume={255},
  number={9},
  pages={1800069},
  year={2018},
  publisher={Wiley Online Library},
  doi={10.1002/pssb.201800069}
}

@article{2018_12,
   author  = {N. Demo and M. Tezzele and A. Mola and G. Rozza},
   title   = {An efficient shape parametrisation by free-form deformation enhanced by active subspace for hull hydrodynamic ship design problems in open source environment},
   journal = {arXiv:1801.06369},
   year    = {2018},
   volume  = {},
   pages   = {},
   url     = {},
   doi     = {}
}

@article{2018_13,
   author  = {G. Di Ilio and B. Dorschner and G. Bella and S. Succi and I. V. Karlin},
   title   = {Simulation of turbulent flows with the entropic multi-relaxation time lattice Boltzmann method on body-fitted meshes},
   journal = {Journal of Fluid Mechanics},
   year    = {2018},
   volume  = {849},
   pages   = {35--56},
   url     = {https://www.researchgate.net/publication/325069808_Simulation_of_turbulent_flows_with_the_entropic_multi-relaxation_time_lattice_Boltzmann_method_on_body-fitted_meshes},
   doi     = {10.1017/jfm.2018.413}
}

@mastersthesis{2018_14,
   author  = {N. Dommaraju},
   title   = {Partition of unity finite element method with overlapping enrichment domains},
   year    = {2018},
   school  = {Friedrich-Alexander-Universit\"{a}t Erlangen-N\"{u}rnberg},
   url     = {}
}

@article{2018_16,
   author  = {L. Failer and T. Wick},
   title   = {Adaptive Time-Step Control for Nonlinear Fluid-Structure Interaction},
   journal = {Journal of Computational Physics},
   year    = {2018},
   volume  = {366},
   pages   = {448--477},
   url     = {https://www.sciencedirect.com/science/article/pii/S0021999118302377},
   doi     = {}
}

@article{fehn2018efficiency,
  title={Efficiency of high-performance discontinuous Galerkin spectral element methods for under-resolved turbulent incompressible flows},
  author={Fehn, Niklas and Wall, Wolfgang A and Kronbichler, Martin},
  journal={International Journal for Numerical Methods in Fluids},
  volume={88},
  number={1},
  pages={32--54},
  year={2018},
  publisher={Wiley Online Library},
  url={https://doi.org/10.1002/fld.4511},
  doi={10.1002/fld.4511}
}

@article{fehn2018robust,
  title={Robust and efficient discontinuous Galerkin methods for under-resolved turbulent incompressible flows},
  author={Fehn, Niklas and Wall, Wolfgang A and Kronbichler, Martin},
  journal={Journal of Computational Physics},
  volume={372},
  pages={667--693},
  year={2018},
  publisher={Elsevier},
  url={https://doi.org/10.1016/j.jcp.2018.06.037},
  doi={10.1016/j.jcp.2018.06.037}
}

@article{Ge2018,
  doi = {10.1103/physrevfluids.3.054201},
  url = {https://doi.org/10.1103/physrevfluids.3.054201},
  year = {2018},
  month = may,
  publisher = {American Physical Society ({APS})},
  volume = {3},
  number = {5},
  author = {Zhouyang Ge and Hanna Holmgren and Martin Kronbichler and Luca Brandt and Gunilla Kreiss},
  title = {Effective slip over partially filled microcavities and its possible failure},
  journal = {Physical Review Fluids}
}

@article{2018_21,
   author  = {C. Goll and T. Wick and W. Wollner},
   title   = {DOpElib: Differential Equations and Optimization Environment; A Goal Oriented Software Library for Solving PDEs and Optimization Problems with PDEs},
   journal = {Archive of Numerical Software},
   year    = {2018},
   volume  = {5},
   pages   = {1--14},
   url     = {},
   doi     = {}
}

@article{Guo2018a,
  doi = {10.1016/j.petrol.2017.12.038},
  url = {https://doi.org/10.1016/j.petrol.2017.12.038},
  year = {2018},
  month = apr,
  publisher = {Elsevier {BV}},
  volume = {163},
  pages = {1--15},
  author = {Xuyang Guo and Hongqing Song and Kan Wu and John Killough},
  title = {Pressure characteristics and performance of multi-stage fractured horizontal well in shale gas reservoirs with coupled flow and geomechanics},
  journal = {Journal of Petroleum Science and Engineering}
}

@article{Guo2018,
  doi = {10.2118/189974-pa},
  url = {https://doi.org/10.2118/189974-pa},
  year = {2018},
  month = aug,
  publisher = {Society of Petroleum Engineers ({SPE})},
  volume = {23},
  number = {04},
  pages = {1372--1388},
  author = {Xuyang Guo and Kan Wu and John Killough},
  title = {Investigation of Production-Induced Stress Changes for Infill-Well Stimulation in Eagle Ford Shale},
  journal = {{SPE} Journal}
}

@article{2018_24,
   author  = {L. Hov Ods\ae{}ter and T. Kvamsdal and M. G Larson},
   title   = {A simple embedded discrete fracture-matrix model for a coupled flow and transport problem in porous media},
   journal = {arXiv:1803.03423},
   year    = {2018},
   volume  = {},
   pages   = {},
   url     = {},
   doi     = {}
}

@article{Jodlbauer2018,
  doi = {10.1002/nme.5970},
  url = {https://doi.org/10.1002/nme.5970},
  year = {2018},
  month = oct,
  publisher = {Wiley},
  volume = {117},
  number = {6},
  pages = {623--643},
  author = {D. Jodlbauer and U. Langer and T. Wick},
  title = {Parallel block-preconditioned monolithic solvers for fluid-structure interaction problems},
  journal = {International Journal for Numerical Methods in Engineering}
}

@article{2018_26,
   author  = {U. K\"{o}cher},
   title   = {Influence of the SIPG penalisation on the numerical properties of linear systems for elastic wave propagation},
   journal = {Numer. Math. Adv. Appl. ENUMATH 2017},
   year    = {2018},
   volume  = {},
   pages   = {},
   url     = {},
   doi     = {},
   note    = {Accepted}
}

@misc{kcher2018mixed,
    title={A mixed discontinuous-continuous Galerkin time discretisation for Biot's system},
    author={Uwe K{\"o}cher and Markus Bause},
    year={2018},
    eprint={1805.00771},
    archivePrefix={arXiv},
    primaryClass={math.NA}
}

@article{2018_28,
   title     = {Direct Numerical Simulation of Flow over Periodic Hills up to Re$_{\textnormal{H}}$ = 10,595},
   author    = {Krank, Benjamin and Kronbichler, Martin and Wall, Wolfgang A},
   journal   = {Flow, Turbulence, and Combustion},
   volume    = {101},
   number    = {2},
   pages     = {521--551},
   year      = {2018},
   publisher = {Springer},
   url       = {https://doi.org/10.1007/s10494-018-9941-3},
   doi       = {10.1007/s10494-018-9941-3}
}

@article{2018_29,
   author  = {B. Krank and M. Kronbichler and W. A. Wall},
   title   = {Wall modeling via function enrichment within a high-order DG method for RANS simulations of incompressible flow},
   journal = {International Journal for Numerical Methods in Fluids},
   year    = {2018},
   volume  = {86},
   number  = {1},
   pages   = {107--129},
   url     = {http://onlinelibrary.wiley.com/doi/10.1002/fld.4409},
   doi     = {10.1002/fld.4409}
}

@inproceedings{2018_31,
   author  = {Martin Kronbichler and Benjamin Krank and Niklas Fehn and Stefan Legat and Wolfgang A. Wall},
   title   = {A new high-order discontinuous Galerkin solver for {DNS} and {LES} of turbulent incompressible flow},
   editor  = {Andreas Dillmann and Gerd Heller and Ewald Kr\"amer and Claus Wagner and Stephan Bansmer and Rolf Radespiel and Richard Semaan},
   booktitle = {New Results in Numerical and Experimental Fluid Mechanics},
   series  = {Notes on Numerical Fluid Mechanics and Multidisciplinary Design},
   volume  = {136},
   year    = {2018},
   pages   = {467--477},
   url     = {https://doi.org/10.1007/978-3-319-64519-3_42},
   doi     = {10.1007/978-3-319-64519-3_42}
}

@article{2018_32,
   author  = {M. Maier and D. Margetis and M. Luskin},
   title   = {Generation of surface plasmon-polaritons by edge effect},
   journal = {Communications in Mathematical Sciences, Vol. 16},
   year    = {2018},
   volume  = {},
   pages   = {77--97},
   url     = {http://www.intlpress.com/site/pub/pages/journals/items/cms/content/vols/0016/0001/a004/},
   doi     = {}
}

@article{Maier2018,
  doi = {10.1137/16m1105670},
  url = {https://doi.org/10.1137/16m1105670},
  year = {2018},
  month = jan,
  publisher = {Society for Industrial {\&} Applied Mathematics ({SIAM})},
  volume = {16},
  number = {1},
  pages = {412--428},
  author = {Matthias Maier and Rolf Rannacher},
  title = {A Duality-Based Optimization Approach for Model Adaptivity in Heterogeneous Multiscale Problems},
  journal = {Multiscale Modeling {\&} Simulation}
}

@Article{2018_35,
  author    = {Jean-Paul Pelteret and Bastian Walter and Paul Steinmann},
  title     = {Application of metaheuristic algorithms to the identification of nonlinear magneto-viscoelastic constitutive parameters},
  journal   = {Journal of Magnetism and Magnetic Materials},
  year      = {2018},
  volume    = {464},
  pages     = {116--131},
  month     = {oct},
  doi       = {10.1016/j.jmmm.2018.02.094},
  publisher = {Elsevier {BV}},
}

@phdthesis{2018_36,
   author  = {M. Sabawi},
   title   = {Discontinuous Galerkin timestepping for nonlinear parabolic problems},
   year    = {2018},
   school  = {University of Leicester},
   url     = {}
}

@article{2018_37,
   author  = {A. Scacchi and J. M. Brader},
   title   = {Local phase transitions in driven colloidal suspensions},
   journal = {Molecular Physics},
   year    = {2018},
   volume  = {116},
   pages   = {378--387},
   url     = {https://doi.org/10.1080/00268976.2017.1393117},
   doi     = {10.1080/00268976.2017.1393117}
}

@article{2018_38,
   title   = {Efficient explicit time stepping of high order discontinuous {G}alerkin schemes for waves},
   author  = {Schoeder, Svenja and Kormann, Katharina and Wall, Wolfgang A and Kronbichler, Martin},
   journal = {SIAM Journal on Scientific Computing},
   volume  = {40},
   number  = {6},
   pages   = {C803--C826},
   year    = {2018},
   publisher = {SIAM},
   url     = {http://www.siam.org/journals/sisc/40-6/M118539.html},
   doi     = {10.1137/18M1185399}
}

@article{2018_39,
    title  = {Arbitrary high-order explicit hybridizable discontinuous {G}alerkin methods for the acoustic wave equation},
   author  = {Schoeder, Svenja and Kronbichler, Martin and Wall, Wolfgang A},
   journal = {Journal of Scientific Computing},
   volume  = {76},
   pages   = {969--1006},
   year    = {2018},
   publisher = {Springer},
   url     = {https://doi.org/10.1007/s10915-018-0649-2},
   doi     = {10.1007/s10915-018-0649-2}
}

@article{schoeder2018optoacoustic,
   author  = {Svenja Schoeder and Ivan Olefir and Martin Kronbichler and Vasilis Ntziachristos and Wolfgang A. Wall},
   title   = {Optoacoustic image reconstruction: the full inverse problem with variable bases},
   journal = {Proceedings of the Royal Society A},
   year    = {2018},
   volume  = {474},
   pages   = {20180369},
   url     = {https://doi.org/10.1098/rspa.2018.0369},
   doi     = {10.1098/rspa.2018.0369}
}


@article{Giuliani2018,
  doi = {10.1016/j.advengsoft.2018.03.008},
  url = {https://doi.org/10.1016/j.advengsoft.2018.03.008},
  year = {2018},
  month = jul,
  publisher = {Elsevier {BV}},
  volume = {121},
  pages = {39--58},
  author = {Nicola Giuliani and Andrea Mola and Luca Heltai},
  title = {$\pi$-{BEM}: A flexible parallel implementation for adaptive,  geometry aware,  and high order boundary element methods},
  journal = {Advances in Engineering Software}
}


@article{Sabharwal2018,
  doi = {10.1149/2.0921807jes},
  url = {https://doi.org/10.1149/2.0921807jes},
  year = {2018},
  publisher = {The Electrochemical Society},
  volume = {165},
  number = {7},
  pages = {F553--F563},
  author = {Mayank Sabharwal and Jeff T. Gostick and Marc Secanell},
  title = {Virtual Liquid Water Intrusion in Fuel Cell Gas Diffusion Media},
  journal = {Journal of The Electrochemical Society}
}


@article{Dunkelberger2018,
  doi = {10.1021/acs.jpcb.8b07638},
  url = {https://doi.org/10.1021/acs.jpcb.8b07638},
  year = {2018},
  month = sep,
  publisher = {American Chemical Society ({ACS})},
  volume = {122},
  number = {49},
  pages = {11579--11590},
  author = {Emily B. Dunkelberger and Belhu Metaferia and Troy Cellmer and Eric R. Henry},
  title = {Theoretical Simulation of Red Cell Sickling Upon Deoxygenation Based on the Physical Chemistry of Sickle Hemoglobin Fiber Formation},
  journal = {The Journal of Physical Chemistry B}
}



@MastersThesis{Lin2018,
  author =       {Sen Lin},
  title =        {Stabilized finite element methods and applications},
  school =       {Penn State University},
  year =         2018,
  url = {https://etda.libraries.psu.edu/files/final_submissions/17393}
}

@article{Ross2018,
  doi = {10.1093/icb/icy021},
  url = {https://doi.org/10.1093/icb/icy021},
  year = {2018},
  month = may,
  publisher = {Oxford University Press ({OUP})},
  volume = {58},
  number = {2},
  pages = {232--250},
  author = {Stephanie A Ross and David S Ryan and Sebastian Dominguez and Nilima Nigam and James M Wakeling},
  title = {Size,  History-Dependent,  Activation and Three-Dimensional Effects on the Work and Power Produced During Cyclic Muscle Contractions},
  journal = {Integrative and Comparative Biology}
}


@article{Tezzele2018,
  doi = {10.1186/s40323-018-0118-3},
  url = {https://doi.org/10.1186/s40323-018-0118-3},
  year = {2018},
  month = sep,
  publisher = {Springer Science and Business Media {LLC}},
  volume = {5},
  number = {1},
  author = {Marco Tezzele and Filippo Salmoiraghi and Andrea Mola and Gianluigi Rozza},
  title = {Dimension reduction in heterogeneous parametric spaces with application to naval engineering shape design problems},
  journal = {Advanced Modeling and Simulation in Engineering Sciences}
}

@article{2018_44,
   author  = {D. Wells and J. W. Banks},
   title   = {Using p-Refinement to Increase Boundary Derivative Convergence Rates.},
   journal = {arXiv:1711.05922},
   year    = {2018},
   volume  = {},
   pages   = {},
   url     = {},
   doi     = {}
}

@article{2018_45,
   author  = {T. Wick},
   title   = {Numerical Methods for Partial Differential Equations},
   journal = {Lecture notes, Institute of Applied Mathematics, Leibniz Universit\"{a}t Hannover, Germany},
   year    = {2018},
   volume  = {},
   pages   = {},
   url     = {https://www.ifam.uni-hannover.de/1562.html},
   doi     = {}
}

@article{2018_46,
   author  = {N. Zhang and Z.-X. Li},
   title   = {Formation of mantle ``lone plumes'' in the global downwelling zone -- A case for subduction-controlled plume generation beneath the South China Sea},
   journal = {Tectonophysics},
   year    = {2018},
   volume  = {723},
   pages   = {1--13},
   url     = {https://www.sciencedirect.com/science/article/pii/S0040195117305000},
   doi     = {10.1016/j.tecto.2017.11.038}
}

@article{2018_47,
   author  = {J. J. Zhou and S. Shukla and A. Putz and M. Secanell},
   title   = {Analysis of the role of the microporous layer in improving polymer electrolyte fuel cell performance},
   journal = {Electrochimica Acta},
   year    = {2018},
   volume  = {268},
   pages   = {366--382},
   url     = {https://www.sciencedirect.com/science/article/pii/S0013468618304043?via%3Dihub},
   doi     = {10.1016/j.electacta.2018.02.100}
}

@Article{Wei_er_2018,
  author    = {Steffen Wei{\ss}er and Thomas Wick},
  title     = {The Dual-Weighted Residual Estimator Realized on Polygonal Meshes},
  journal   = {Computational Methods in Applied Mathematics},
  year      = {2018},
  volume    = {18},
  number    = {4},
  pages     = {753--776},
  month     = {oct},
  doi       = {10.1515/cmam-2017-0046},
  publisher = {Walter de Gruyter {GmbH}},
  url       = {https://www.math.uni-sb.de/service/preprints/preprint384.pdf},
}

@InProceedings{Deolmi2018,
  author    = {Deolmi, G. and Dahmen, W. and M{\"{u}}ller, S. and Albers, M. and Meysonnat, P. S. and Schr{\"{o}}der, W.},
  title     = {{Effective Boundary Conditions for Turbulent Compressible Flows over a Riblet Surface}},
  booktitle = {HYP 2016: Theory, Numerics and Applications of Hyperbolic Problems I},
  year      = {2018},
  volume    = {236},
  series    = {Springer Proceedings in Mathematics \& Statistics},
  pages     = {473--485},
  publisher = {Springer International Publishing},
  doi       = {10.1007/978-3-319-91545-6_36},
  journal   = {Springer},
}

@InProceedings{Chandrashekar2018,
  author    = {Chandrashekar, Praveen and Gallego-Valencia, Juan Pablo and Klingenberg, Christian},
  title     = {{A Runge-Kutta Discontinuous Galerkin Scheme for the Ideal Magnetohydrodynamical Model}},
  booktitle = {HYP 2016: Theory, Numerics and Applications of Hyperbolic Problems I},
  year      = {2018},
  volume    = {236},
  series    = {Springer Proceedings in Mathematics \& Statistics},
  pages     = {335--344},
  publisher = {Springer International Publishing},
  doi       = {10.1007/978-3-319-91545-6_27},
  journal   = {Springer},
  url       = {https://www.researchgate.net/profile/Christian_Klingenberg/publication/325949144_A_Runge-Kutta_Discontinuous_Galerkin_Scheme_for_the_Ideal_Magnetohydrodynamical_Model/links/5b640dafa6fdcc45b30cab8c/A-Runge-Kutta-Discontinuous-Galerkin-Scheme-for-the-Ideal-Magnetohydrodynamical-Model.pdf?origin=publication_detail},
}

@Article{Potschka2018a,
  author    = {Potschka, Andreas},
  title     = {{Backward step control for Hilbert space problems}},
  journal   = {Numerical Algorithms},
  year      = {2018},
  pages     = {1--30},
  month     = {may},
  issn      = {1017-1398},
  doi       = {10.1007/s11075-018-0539-6},
  publisher = {Springer Nature},
}

@article{vanDuijn2018,
  doi = {10.1177/1081286518801050},
  url = {https://doi.org/10.1177/1081286518801050},
  year = {2018},
  month = oct,
  publisher = {{SAGE} Publications},
  volume = {24},
  number = {5},
  pages = {1530--1555},
  author = {CJ van Duijn and Andro Mikeli{\'{c}} and Thomas Wick},
  title = {A monolithic phase-field model of a fluid-driven fracture in a nonlinear poroelastic medium},
  journal = {Mathematics and Mechanics of Solids}
}

@article{Lee2018b,
  doi = {10.1137/17m1145239},
  url = {https://doi.org/10.1137/17m1145239},
  year = {2018},
  month = jan,
  publisher = {Society for Industrial {\&} Applied Mathematics ({SIAM})},
  volume = {16},
  number = {4},
  pages = {1542--1580},
  author = {Sanghyun Lee and Andro Mikeli{\'{c}} and Mary F. Wheeler and Thomas Wick},
  title = {Phase-Field Modeling of Two Phase Fluid Filled Fractures in a Poroelastic Medium},
  journal = {Multiscale Modeling {\&} Simulation}
}

@Article{Bruna-Rosso2018a,
  author    = {Claire Bruna-Rosso and Ali G\"{o}khan Demir and Barbara Previtali},
  title     = {Selective laser melting finite element modeling: Validation with high-speed imaging and lack of fusion defects prediction},
  journal   = {Materials {\&} Design},
  year      = {2018},
  volume    = {156},
  pages     = {143--153},
  month     = {oct},
  doi       = {10.1016/j.matdes.2018.06.037},
  publisher = {Elsevier {BV}},
}

@Article{Bruna-Rosso2018b,
  author    = {Claire Bruna-Rosso and Ali G\"{o}khan Demir and Maurizio Vedani and Barbara Previtali},
  title     = {Global sensitivity analyses of a selective laser melting finite element model: influential parameters identification},
  journal   = {The International Journal of Advanced Manufacturing Technology},
  year      = {2018},
  volume    = {99},
  number    = {1-4},
  pages     = {833--843},
  month     = {aug},
  doi       = {10.1007/s00170-018-2531-7},
  publisher = {Springer Nature America, Inc},
}

@Article{Salvadori2018a,
  author    = {A. Salvadori and V. Damioli and C. Ravelli and S. Mitola},
  title     = {Modeling and Simulation of {VEGF} Receptors Recruitment in Angiogenesis},
  journal   = {Mathematical Problems in Engineering},
  year      = {2018},
  volume    = {2018},
  pages     = {1--10},
  month     = {aug},
  doi       = {10.1155/2018/4705472},
  publisher = {Hindawi Limited},
}

@Article{Choo2018a,
  author    = {Jinhyun Choo},
  title     = {Large deformation poromechanics with local mass conservation: An enriched Galerkin finite element framework},
  journal   = {International Journal for Numerical Methods in Engineering},
  year      = {2018},
  volume    = {116},
  number    = {1},
  pages     = {66--90},
  month     = {aug},
  doi       = {10.1002/nme.5915},
  publisher = {Wiley},
}

@PhdThesis{Dang2018a,
  author    = {Hong Lam Dang},
  title     = {A hydro-mechanical modeling of double porosity and double permeability fractured reservoirs},
  school    = {Universit\'{e} D'Orl\'{e}ans},
  year      = {2018},
  url       = {ftp://ftp.univ-orleans.fr/theses/honglam-dang_3747.pdf},
}

@Article{Chandrashekar2018a,
  author    = {Praveen Chandrashekar},
  title     = {A global divergence conforming {DG} method for hyperbolic conservation laws with divergence constraint},
  journal   = {Journal of Scientific Computing},
  year      = {2018},
  pages     = {1--24},
  month     = {sep},
  doi       = {10.1007/s10915-018-0841-4},
  publisher = {Springer Nature America, Inc},
  url       = {https://rdcu.be/725Z},
}

@PhdThesis{MengyingXiaoPhD2018,
  Title                    = {Efficient and Accurate Splitting Methods for Flow Problems},
  Author                   = {Mengying Xiao},
  School                   = {Clemson University},
  Year                     = {2018},
  Url                      = {https://tigerprints.clemson.edu/all_dissertations/2174/}
}


@article{doi:10.1093/gji/ggy466,
  author = {Perry-Houts, Jonathan and Karlstrom, Leif},
  title = {Anisotropic viscosity and time-evolving lithospheric instabilities due to aligned igneous intrusions},
  journal = {Geophysical Journal International},
  volume = {},
  number = {},
  pages = {ggy466},
  year = {2018},
  doi = {10.1093/gji/ggy466},
  note = {Accepted}
}


@Article{scott18:mta,
  author =       {Scott Ladenheim and Yi-Chung Chen and Milan D. Mihajlovi{\'c} and Vasilis F. Pavlidis},
  title =        {The {MTA}: {A}n Advanced and Versatile Thermal Simulator for Integrated Systems},
  journal =      {IEEE Transactions on Computer-Aided Design of Integrated Circuits and Systems},
  year =         {2018},
  volume =    {37},
  number =    {12},
  pages =     {3123--3136},
  month =     {January},
  doi = {10.1109/TCAD.2018.2789729}
}

@article{DeVilliers2018,
author = {de Villiers, A. M. and McBride, A. T. and Reddy, B. D. and Franz, T. and Spottiswoode, B. S.},
doi = {10.1007/s10237-017-0973-8},
issn = {16177940},
journal = {Biomechanics and Modeling in Mechanobiology},
month = {apr},
number = {2},
pages = {479--497},
pmid = {29139052},
publisher = {Springer Verlag},
title = {{A validated patient-specific FSI model for vascular access in haemodialysis}},
volume = {17},
year = {2018}
}


@Article{Steinberger2018,
  author =       {B. Steinberger and E. Bredow and S. Lebedev and A. Schaeffer and T. H. Torsvik},
  title =        {{Widespread volcanism in the Greenland-North Atlantic region explained by the Iceland plume}},
  journal =      {Nature Geoscience},
  year =         2018,
  month =     {November},
  doi = {10.1038/s41561-018-0251-0}
}

@article{GKK18,
   author  = {D. R. Gulevich and V. P. Koshelets and F. V. Kusmartsev},
   title   = {Bridging the Terahertz gap for chaotic sources with superconducting junctions},
   journal = {arXiv:1709.04052},
   year    = {2018},
   volume  = {},
   pages   = {},
   url     = {https://arxiv.org/abs/1709.04052},
   doi     = {}
}

@PhdThesis{SergeyCharnyiPhd2018,
  Title                    = {The {EMAC} scheme for Navier-Stokes simulations, and application to flow past bluff bodies},
  Author                   = {Sergey Charnyi},
  School                   = {Clemson University},
  Year                     = {2018},
  Url                      = {https://tigerprints.clemson.edu/all_dissertations/2243/}
}

@PhdThesis{LiangZhaoPhd2018,
  Title                    = {A numerical method for the Navier Stokes equations in {Velocity-Vorticity} form},
  Author                   = {Liang Zhao},
  School                   = {Clemson University},
  Year                     = {2018},
  Url                      = {https://tigerprints.clemson.edu/all_dissertations/2288/}
}

@mastersthesis{EmmaCinatlMaster2018,
  Title                    = {Finite Element Discretizations for Linear Elasticity},
  Author                   = {Emma Cinatl},
  School                   = {Clemson University},
  Year                     = {2018},
  Url                      = {https://tigerprints.clemson.edu/all_theses/2977/}
}

@Article{CharnyiHeisterOlshanksiiRebholzEMAC2018,
  author    = {Sergey Charnyi and Timo Heister and Maxim A. Olshanskii and Leo G. Rebholz},
  title     = {Efficient discretizations for the {EMAC} formulation of the incompressible Navier-Stokes equations},
  journal   = {Applied Numerical Mathematics},
  year      = {2018},
  doi       = {10.1016/j.apnum.2018.11.013},
  url       = {https://arxiv.org/abs/1712.00857},
  note      = {in press},
}

@Article{wick-parallel-cracks-2018,
  Title                    = {Parallel solution, adaptivity, computational convergence, and open-source code of 2d and 3d pressurized phase-field fracture problems},
  Author                   = {Timo Heister and Thomas Wick},
  Journal                  = {Proc. Appl. Math. Mech.},
  Year                     = {2018},
  Number                   = {1},
  Pages                    = {e201800353},
  Volume                   = {18},
  doi                      = {10.1002/pamm.201800353},
}




@Article{FJQ18,
  author =       {G. Fu and Y. Jin and W. Qiu},
  title =        {Parameter-free superconvergent H(div)-conforming HDG methods for the Brinkman equations},
  journal =      {IMA Journal of Numerical Analysis},
  year =         2018,
  note =      {submitted}}

@Article{LY_JSC_SH,
  author =       {H. Liu and P. Yin},
  title =        {Unconditionally energy stable DG schemes for the Swift-Hohenberg equation},
  journal =      {Journal of Scientific Computing},
  year =         2018,
  note =         {submitted}}

@Article{Na2018a,
  author    = {SeonHong Na and WaiChing Sun},
  title     = {Computational thermomechanics of crystalline rock, Part I: A combined multi-phase-field/crystal plasticity approach for single crystal simulations},
  journal   = {Computer Methods in Applied Mechanics and Engineering},
  year      = {2018},
  volume    = {338},
  pages     = {657--691},
  month     = {aug},
  doi       = {10.1016/j.cma.2017.12.022},
  publisher = {Elsevier {BV}},
}

@Article{Bryant2018a,
  author    = {Eric C. Bryant and WaiChing Sun},
  title     = {A mixed-mode phase field fracture model in anisotropic rocks with consistent kinematics},
  journal   = {Computer Methods in Applied Mechanics and Engineering},
  year      = {2018},
  volume    = {342},
  pages     = {561--584},
  month     = dec,
  doi       = {10.1016/j.cma.2018.08.008},
  publisher = {Elsevier {BV}},
}

@Article{Choo2018b,
  author    = {Jinhyun Choo and WaiChing Sun},
  title     = {Coupled phase-field and plasticity modeling of geological materials: From brittle fracture to ductile flow},
  journal   = {Computer Methods in Applied Mechanics and Engineering},
  year      = {2018},
  volume    = {330},
  pages     = {1--32},
  month     = {mar},
  doi       = {10.1016/j.cma.2017.10.009},
  publisher = {Elsevier {BV}},
}

@article{GDKL18,
   author = {K. Gupta, Deepak and Keulen, Fred and Langelaar, Matthijs},
   year = {2018},
   month = {11},
   pages = {},
   title = {Design and analysis adaptivity in multi-resolution topology optimization},
   journal = {arXiv:1811.09821},
   year    = {2018},
   volume  = {},
   pages   = {},
   url     = {https://arxiv.org/abs/1811.09821},
   doi     = {}
}




@Article{aagesen18:_prism,
  author =       {L. K. Aagesen and J. F. Adams and J. E. Allison and W. B. Andrews and
                  V. Araullo-Peters and T. Berman and Z. Chen and S. Daly and
                  S. Das and S. DeWitt and S. Ganesan and K. Garikipati and V. Gavini
                  and A. Githens and M. Hedstrom and Z. Huang and H. V. Jagadish and
                  J. W. Jones and J. Luce and E. A. Marquis and A. Misra and D. Montiel
                  and P. Motamarri and A. D. Murphy and A. R. Natarajan and
                  S. Panwar and B. Puchala and L. Qi and S. Rudraraju and K. Sagiyama
                  and E. L. S. Solomon and V. Sundararaghavan and G. Tarcea and
                  G. H. Teichert and J. C. Thomas and K. Thornton and A. Van der Ven
                  and Z. Wang and T. Weymouth and C. Yang},
  title =        {{PRISMS}: {A}n Integrated, Open-Source Framework for Accelerating
                  Predictive Structural Materials Science},
  journal =      {The Journal of The Minderals, Metals \& Materials Society (JOM)},
  year =         2018,
  volume =    70,
  pages =     {2298--2314},
  doi = {10.1007/s11837-018-3079-6}
}


@article{sartori18,
	author = {Sartori, Alberto and Giuliani, Nicola and Bardelloni, Mauro and Heltai, Luca},
	doi = {10.1016/j.softx.2018.09.004},
	issn = {23527110},
	journal = {SoftwareX},
	pages = {318--327},
	title = {deal2lkit: A toolkit library for high performance programming in deal.II},
	url = {https://linkinghub.elsevier.com/retrieve/pii/S2352711018302048},
	volume = {7},
	year = {2018}
}


@article{samrock2018,
  title={Magnetotelluric image of transcrustal magmatic system beneath the {Tulu Moye} geothermal prospect in the {Ethiopian Rift}},
  author={Samrock, Friedemann and Grayver, Alexander V and Eysteinsson, Hjalmar and Saar, Martin O},
  journal={Geophysical Research Letters},
  volume={45},
  number={23},
  pages={12847--12855},
  year={2018},
  publisher={Wiley Online Library},
  doi = {10.1029/2018GL080333}
}

@article{kaufl2018,
  title={Topographic distortions of magnetotelluric transfer functions: a high-resolution 3-D modelling study using real elevation data},
  author={K{\"a}ufl, Johannes S and Grayver, Alexander V and Kuvshinov, Alexey V},
  journal={Geophysical Journal International},
  volume={215},
  number={3},
  pages={1943--1961},
  year={2018},
  publisher={Oxford University Press},
  doi = {10.1093/gji/ggy375}
}

@Article{Ludvigsson2018,
  author={Ludvigsson, Gustav and Steffen, Kyle R. and Sticko, Simon and Wang, Siyang and Xia, Qing and Epshteyn, Yekaterina and Kreiss, Gunilla},
  title={High-Order Numerical Methods for 2D Parabolic Problems in Single and Composite Domains},
  journal={Journal of Scientific Computing},
  year={2018},
  month={Aug},
  volume={76},
  number={2},
  pages={812--847},
  issn={1573-7691},
  doi={10.1007/s10915-017-0637-y},
  url={https://doi.org/10.1007/s10915-017-0637-y}
}

@phdthesis{StickoThesis2018,
  author = {Sticko, Simon},
  title = {High Order Cut Finite Element Methods for Wave Equations},
  school = {Uppsala University},
  series = {Digital Comprehensive Summaries of Uppsala Dissertations from the Faculty of Science and Technology},
  ISSN = {1651-6214},
  number = {1656},
  ISBN = {978-91-513-0300-0},
  year = {2018},
  url={http://urn.kb.se/resolve?urn=urn%3Anbn%3Ase%3Auu%3Adiva-347439}
}

@ARTICLE{Freddi2018573,
  author={Freddi, F. and Sacco, E. and Serpieri, R.},
  title={An enriched damage-frictional cohesive-zone model incorporating stress multi-axiality},
  journal={Meccanica},
  year={2018},
  volume={53},
  number={3},
  pages={573-592}
}

@mastersthesis{schneider2018,
  author    = {Schneider, David},
  title     = {Simulation von Fluid-Struktur-Interaktion mit der Kopplungsbibliothek preCICE},
  school    = {Universit{\"a}t Siegen},
  year      = {2018},
  note      = {Bachelorarbeit}
}

@article{Lambe2018,
  doi = {10.1002/nme.5843},
  year = {2018},
  month = jun,
  publisher = {Wiley},
  volume = {115},
  number = {10},
  pages = {1266--1286},
  author = {Andrew B. Lambe and Aleksander Czekanski},
  title = {A density field parametrization for topology optimization using {B}ernstein elements},
  journal = {International Journal for Numerical Methods in Engineering}
}

@article{Sarna2018,
  doi = {10.1016/j.jcp.2018.04.050},
  year = {2018},
  month = sep,
  publisher = {Elsevier {BV}},
  volume = {369},
  pages = {16--44},
  author = {Neeraj Sarna and Manuel Torrilhon},
  title = {Entropy stable {H}ermite approximation of the linearised {B}oltzmann equation for inflow and outflow boundaries},
  journal = {Journal of Computational Physics}
}

@article{Safin2018,
  author = {Safin, Artur and Minkoff, Susan E. and Zweck, John},
  title = {A preconditioned finite element solution of the coupled pressure-temperature equations used to model trace gas sensors},
  journal = {SIAM Journal on Scientific Computing},
  volume = {40},
  number = {5},
  pages = {B1470--B1493},
  year = {2018},
  doi = {10.1137/17M1145823},
  URL = {https://doi.org/10.1137/17M1145823}
}

@PhdThesis{SafinThesis,
  author    = {Safin, Artur},
  title     = {Modeling Trace Gas Sensors with the Coupled Pressure-Temperature Equations},
  school    = {The University of Texas at Dallas},
  year      = {2018},
  month     = {12},
  url       = {https://hdl.handle.net/10735.1/6420}
}

@article{Neitzel2018,
  author = {Ira Neitzel and Thomas Wick and Winnifried Wollner},
  title = {An Optimal Control Problem Governed by a Regularized Phase-field Fracture Propagation Model. {P}art {I}{I} {T}he Regularization Limit},
  journal = {SIAM Journal on Control and Optimization},
  volume = {55},
  number = {4},
  pages = {18},
  year = {2018},
  doi = {10.1137/16M1062375},
}

@inproceedings{choo2018enriched2,
title={Enriched {G}alerkin Finite Element Method for Locally Mass Conservative Simulation of Coupled Hydromechanical Problems},
author={Choo, Jinhyun and Lee, Sanghyun},
booktitle={Proceedings of China-Europe Conference on Geotechnical Engineering},
pages={312--315},
year={2018},
organization={Springer}
}

@Article{lee2018optimal,
title={Optimal design of hydraulic fracturing in porous media using the phase field fracture model coupled with genetic algorithm},
author={Lee, Sanghyun and Min, Baehyun and Wheeler, Mary F},
journal={Computational Geosciences},
volume={22},
number={3},
pages={833--849},
year={2018},
publisher={Springer International Publishing}
}

@article{Schutz2018,
      title = {3D Boundary Element Simulation of Droplet Dynamics in  Microchannels: How Droplets Squeeze Through Constrictions  and Move in Electric Fields},
      author = {Sch\"{u}tz, Simon Sebastian},
      publisher = {EPFL},
      address = {Lausanne},
      pages = {156},
      year = {2018},
      url = {http://infoscience.epfl.ch/record/255307},
      doi = {10.5075/epfl-thesis-8621},
}


@phdthesis{phdthesis,
	author       = {Filippo Guido Davide Sacco},
	title        = {A 3D adaptive boundary element method for potential flow with nonlinear Kutta condition},
	school       = {Politecnico di Milano},
	year         = {2018},
	month        = {4},
	url = {https://www.politesi.polimi.it/handle/10589/140106}
}

@Article{Arndt,
  author        = {Arndt, Daniel and Kanschat, Guido},
  title         = {{A C1-mapping based on finite elements on quadrilateral and hexahedral meshes}},
  journal       = {arxiv: 1810.02473},
  year          = {2018},
  month         = {oct},
  url           = {https://arxiv.org/abs/1810.02473},
}

@Inbook{Boffi2018,
	author={Boffi, Daniele and Gastaldi, Lucia and Heltai, Luca},
	editor={Boffi, Daniele and Pavarino, Luca F. and Rozza, Gianluigi and Scacchi, Simone and Vergara, Christian},
	title={A Distributed Lagrange Formulation of the Finite Element Immersed Boundary Method for Fluids Interacting with Compressible Solids},
	bookTitle={Mathematical and Numerical Modeling of the Cardiovascular System and Applications},
	year={2018},
	publisher={Springer International Publishing},
	address={Cham},
	pages={1--21},
        doi = {10.1007/978-3-319-96649-6}
}

@article{doi:10.1177/1094342016671790,
	author = {Martin Kronbichler and Ababacar Diagne and Hanna Holmgren},
	title ={A fast massively parallel two-phase flow solver for microfluidic chip simulation},
	journal = {The International Journal of High Performance Computing Applications},
	volume = {32},
	number = {2},
	pages = {266-287},
	year = {2018},
	doi = {10.1177/1094342016671790},
	URL = {https://doi.org/10.1177/1094342016671790},
	eprint = { https://doi.org/10.1177/1094342016671790 }
}


@Article{180507485,
	author = {Thomas Carraro and Sven E. Wetterauer and Ana Victoria Ponce Bobadilla and Dumitru Trucu},
	title = {A level-set approach for a multi-scale cancer invasion model},
	journal = {arXiv:1805.07485},
	year = {2018},
	month = {may},
	url = {https://arxiv.org/abs/1805.07485}
}

@article{doi:10.1137/16M110455X,
	author = {Kronbichler, Martin and Wall, Wolfgang A.},
	title = {A Performance Comparison of Continuous and Discontinuous Galerkin Methods with Fast Multigrid Solvers},
	journal = {SIAM Journal on Scientific Computing},
	volume = {40},
	number = {5},
	pages = {A3423--A3448},
	year = {2018},
	doi = {10.1137/16M110455X},
	url = { https://doi.org/10.1137/16M110455X}
}

@article{doi:10.1080/00295639.2017.1407592,
	author = {Weixiong Zheng and Ryan G. McClarren and Jim E. Morel},
	title = {An Accurate Globally Conservative Subdomain Discontinuous Least-Squares Scheme for Solving Neutron Transport Problems},
	journal = {Nuclear Science and Engineering},
	volume = {189},
	number = {3},
	pages = {259-271},
	year  = {2018},
	publisher = {Taylor & Francis},
	doi = {10.1080/00295639.2017.1407592},
	URL = {https://doi.org/10.1080/00295639.2017.1407592},
}

@article{BADNAVA201831,
	title = {An h-adaptive thermo-mechanical phase field model for fracture},
	journal = {Finite Elements in Analysis and Design},
	volume = {138},
	pages = {31 - 47},
	year = {2018},
	issn = {0168-874X},
	doi = {https://doi.org/10.1016/j.finel.2017.09.003},
	url = {http://www.sciencedirect.com/science/article/pii/S0168874X17303347},
	author = {Hojjat Badnava and Mohammed A. Msekh and Elahe Etemadi and Timon Rabczuk},
}


@article{osti_1497001,
	title = {An Improved Formulation for Hybridizable Discontinuous Galerkin Fluid-Structure Interaction Modeling with Reduced Computational Expense},
	author = {Sheldon, Jason P. and Miller, Scott T. and Pitt, Jonathan S.},
	doi = {10.4208/cicp.OA-2017-0114},
	journal = {Communications in Computational Physics},
	issn = {1815-2406},
	number = 5,
	volume = 24,
	year = {2018},
	month = {6}
}

@phdthesis{phdthesis-kauffman,
	author       = {Kauffman, Justin},
	title        = {An Overset Mesh Framework for the Hybridizable Discontinuous Galerkin Finite Element Method},
	school       = {Pennsylvania State University},
	year         = {2018},
	month        = {1}
}


@PhdThesis{Khattatov2018,
  author =       {Eldar Khattatov},
  title =        {Efficient discretization techniques and domain decomposition
                  methods for poroelasticity},
  school =       {University of Pittsburgh},
  year =         {2018},
  url = {http://d-scholarship.pitt.edu/34001/1/thesis_khattatov.pdf}
}


@article{bruchhauser2018,
    title={Dual weighted residual based error control for nonstationary convection-dominated equations: potential or ballast?},
    author={Marius Paul Bruchh{\"a}user and Kristina Schwegler and Markus Bause},
   journal = {arXiv:1812.06810},
   year    = 2018,
   url     = {https://arxiv.org/abs/1812.06810}
}



@PhdThesis{Marcati2018,
  author =       {Carlo Marcati},
  title =        {Discontinuous hp finite element methods for elliptic eigenvalue problems with singular potentials: with applications to quantum chemistry},
  school =       {Sorbonne University, Paris},
  year =         {2018},
  url = {https://tel.archives-ouvertes.fr/tel-02072774/}
}


@article{Guermond2018,
  doi = {10.1137/17m1149961},
  url = {https://doi.org/10.1137/17m1149961},
  year = {2018},
  month = jan,
  publisher = {Society for Industrial {\&} Applied Mathematics ({SIAM})},
  volume = {40},
  number = {5},
  pages = {A3211--A3239},
  author = {Jean-Luc Guermond and Murtazo Nazarov and Bojan Popov and Ignacio Tomas},
  title = {Second-Order Invariant Domain Preserving Approximation of the Euler Equations Using Convex Limiting},
  journal = {{SIAM} Journal on Scientific Computing}
}


@article{Giuliani2018a,
  doi = {10.1089/soro.2017.0099},
  url = {https://doi.org/10.1089/soro.2017.0099},
  year = {2018},
  month = aug,
  publisher = {Mary Ann Liebert Inc},
  volume = {5},
  number = {4},
  pages = {410--424},
  author = {Nicola Giuliani and Luca Heltai and Antonio DeSimone},
  title = {Predicting and Optimizing Microswimmer Performance from the Hydrodynamics of Its Components: The Relevance of Interactions},
  journal = {Soft Robotics}
}


@article{Zhao2018,
  doi = {10.1109/tvlsi.2018.2861358},
  url = {https://doi.org/10.1109/tvlsi.2018.2861358},
  year = {2018},
  month = nov,
  publisher = {Institute of Electrical and Electronics Engineers ({IEEE})},
  volume = {26},
  number = {11},
  pages = {2483--2493},
  author = {Hengyang Zhao and Sheldon X.-D. Tan},
  title = {Postvoiding {FEM} Analysis for Electromigration Failure Characterization},
  journal = {{IEEE} Transactions on Very Large Scale Integration ({VLSI}) Systems}
}


@article{Murphy2018,
  doi = {10.1142/s1793524518500535},
  url = {https://doi.org/10.1142/s1793524518500535},
  year = {2018},
  month = may,
  publisher = {World Scientific Pub Co Pte Lt},
  volume = {11},
  number = {04},
  pages = {1850053},
  author = {Laura Murphy and Chandrasekhar Venkataraman and Anotida Madzvamuse},
  title = {Parameter identification through mode isolation for reaction-diffusion systems on arbitrary geometries},
  journal = {International Journal of Biomathematics}
}


@inproceedings{Smolyanov2018,
  doi = {10.1109/elektro.2018.8398325},
  url = {https://doi.org/10.1109/elektro.2018.8398325},
  year = {2018},
  month = may,
  publisher = {{IEEE}},
  author = {Ivan A. Smolyanov and Pavel Karban},
  title = {Optimal design of {MHD} pump},
  booktitle = {2018 {ELEKTRO}}
}

@article{Galiano2018,
  doi = {10.1016/j.camwa.2018.05.035},
  url = {https://doi.org/10.1016/j.camwa.2018.05.035},
  year = {2018},
  month = sep,
  publisher = {Elsevier {BV}},
  volume = {76},
  number = {5},
  pages = {984--996},
  author = {Gonzalo Galiano and Juli{\'{a}}n Velasco},
  title = {On a cross-diffusion system arising in image denoising},
  journal = {Computers {\&} Mathematics with Applications}
}

@article{Mehnert2018,
  doi = {10.1016/j.ijnonlinmec.2018.08.016},
  url = {https://doi.org/10.1016/j.ijnonlinmec.2018.08.016},
  year = {2018},
  month = nov,
  publisher = {Elsevier {BV}},
  volume = {106},
  pages = {13--24},
  author = {Markus Mehnert and Mokarram Hossain and Paul Steinmann},
  title = {Numerical modeling of thermo-electro-viscoelasticity with field-dependent material parameters},
  journal = {International Journal of Non-Linear Mechanics}
}

@misc{mohebujjaman2018second,
  title={Second order ensemble simulation for {MHD} flow in Els{\"a}sser variable with noisy input data},
  author={Muhammad Mohebujjaman},
  year={2018},
  eprint={1803.06980},
  archivePrefix={arXiv},
  primaryClass={math.NA}
}

@misc{maday2018regularity,
  title={Regularity and $hp$ discontinuous {G}alerkin finite element approximation of linear elliptic eigenvalue problems with singular potentials},
  author={Yvon Maday and Carlo Marcati},
  year={2018},
  eprint={1810.09010},
  archivePrefix={arXiv},
  primaryClass={math.NA}
}

@article{RobergeNorato2018,
  author = {Jeffrey Roberge and Juli{\'{a}}n Norato},
  title = {Computational design of curvilinear bone scaffolds fabricated via direct ink writing},
  doi = {10.1016/j.cad.2017.09.003},
  url = {https://doi.org/10.1016/j.cad.2017.09.003},
  year = {2018},
  volume = {95},
  pages = {1--13},
  journal = {Computer-Aided Design}
}

@article{Gong2018,
  title = {Fast simulations of a large number of crystals growth in centimeter-scale during alloy solidification via nonlinearly preconditioned quantitative phase-field formula},
  author = {Tong Zhao Gong and Yun Chen and Yan Fei Cao and Xiu Hong Kang and Dian Zhong Li},
  doi = {10.1016/j.commatsci.2018.02.003},
  url = {https://doi.org/10.1016/j.commatsci.2018.02.003},
  year = {2018},
  month = may,
  publisher = {Elsevier {BV}},
  volume = {147},
  pages = {338--352},
  journal = {Computational Materials Science}
}

@misc{frei2018implementation,
  title={On the implementation of a locally modified finite element method for interface problems in deal.II},
  author={Stefan Frei and Thomas Richter and Thomas Wick},
  year={2018},
  eprint={1806.00999},
  archivePrefix={arXiv},
  primaryClass={math.NA}
}

@misc{bruchhuser2018numerical,
  title={Numerical study of goal-oriented error control for stabilized finite element methods},
  author={Marius Paul Bruchh{\"a}user and Kristina Schwegler and Markus Bause},
  year={2018},
  eprint={1803.10643},
  archivePrefix={arXiv},
  primaryClass={math.NA}
}

@article{Verner2018,
  doi = {10.1016/j.eml.2017.11.003},
  url = {https://doi.org/10.1016/j.eml.2017.11.003},
  year = {2018},
  month = jan,
  publisher = {Elsevier {BV}},
  volume = {18},
  pages = {58--69},
  author = {S. N. Verner and K. Garikipati},
  title = {A computational study of the mechanisms of growth-driven folding patterns on shells,  with application to the developing brain},
  journal = {Extreme Mechanics Letters}
}


@Phdthesis{Alhazmi2018,
  author = {Alhazmi, M.},
  title  = {{Exploring mechanisms for pattern formation through coupled bulk-surface PDEs}},
  year   = {2018},
  url    = {http://sro.sussex.ac.uk/id/eprint/78232/},
  School = {University of Sussex}
}

@Phdthesis{Zhao2018b,
  author = {Zhao, H.},
  title  = {{FEM Based Multiphysics Analysis of Electromigration Voiding Process in Nanometer Integrated Circuits}},
  year   = {2018},
  url    = {https://cloudfront.escholarship.org/dist/prd/content/qt41f4p23x/qt41f4p23x.pdf},
  School = {University of California, Davis}
}


@TechReport{Gulevich2018,
  author = {Gulevich, D. R.},
  title  = {{MiTMoJCo 1.2}},
  year   = {2018},
  url    = {https://www.researchgate.net/profile/D_Gulevich/publication/318380494_User_Guide_for_MiTMoJCo_12_Microscopic_Tunneling_Model_for_Josephson_Contacts/links/5ba4005d92851ca9ed1a09b1/User-Guide-for-MiTMoJCo-12-Microscopic-Tunneling-Model-for-Josephson-Contacts.pdf},
}


@Mastersthesis{Schuurmans2018,
  author = {Schuurmans, L. F. J.},
  title  = {{Numerical modelling of overriding plate deformation and slab rollback in the Western Mediterranean}},
  School = {Utrecht University},
  year   = {2018},
  url    = {https://dspace.library.uu.nl/handle/1874/366408}
}


@inproceedings{Kronbichler2018,
  doi = {10.1007/978-3-319-99654-7_7},
  url = {https://doi.org/10.1007/978-3-319-99654-7_7},
  year = {2018},
  publisher = {Springer International Publishing},
  pages = {89--110},
  author = {Martin Kronbichler and Momme Allalen},
  title = {Efficient High-Order Discontinuous Galerkin Finite Elements with Matrix-Free Implementations},
  booktitle = {Advances and New Trends in Environmental Informatics},
  editor = {Bungartz, Hans-Joachim and Kranzlm\"uller, Dieter and Weinberg, Volker and Weism\"uller, Jens and Wohlgemuth, Volker},
  series = {Progress in {IS}}
}

@article{Gassmller2018,
  doi = {10.1029/2018gc007508},
  url = {https://doi.org/10.1029/2018gc007508},
  year = {2018},
  month = sep,
  publisher = {American Geophysical Union ({AGU})},
  volume = {19},
  number = {9},
  pages = {3596--3604},
  author = {Rene Gassm\"{o}ller and Harsha Lokavarapu and Eric Heien and Elbridge Gerry Puckett and Wolfgang Bangerth},
  title = {Flexible and Scalable Particle-in-Cell Methods With Adaptive Mesh Refinement for Geodynamic Computations},
  journal = {Geochemistry,  Geophysics,  Geosystems}
}

@incollection{Gantner2018,
  doi = {10.1007/978-3-319-72456-0_18},
  url = {https://doi.org/10.1007/978-3-319-72456-0_18},
  year = {2018},
  publisher = {Springer International Publishing},
  pages = {373--405},
  author = {Robert N. Gantner and Lukas Herrmann and Christoph Schwab},
  title = {Multilevel {QMC} with Product Weights for Affine-Parametric,  Elliptic {PDEs}},
  booktitle = {Contemporary Computational Mathematics - A Celebration of the 80th Birthday of Ian Sloan}
}

@article{Glerum2018,
  doi = {10.5194/se-9-267-2018},
  url = {https://doi.org/10.5194/se-9-267-2018},
  year = {2018},
  month = mar,
  publisher = {Copernicus {GmbH}},
  volume = {9},
  number = {2},
  pages = {267--294},
  author = {Anne Glerum and Cedric Thieulot and Menno Fraters and Constantijn Blom and Wim Spakman},
  title = {Nonlinear viscoplasticity in {ASPECT}: benchmarking and applications to subduction},
  journal = {Solid Earth}
}

@Phdthesis{Lorca2018,
  author = {Jose Pablo {Lucero Lorca}},
  title  = {{Multilevel Schwarz methods for multigroup radiation transport problems}},
  year   = {2018},
  School = {Heidelberg University},
  url    = {https://archiv.ub.uni-heidelberg.de/volltextserver/25216/},
  Doi = {10.11588/heidok.00025216}
}

@article{Kerganer2019,
  doi = {10.1016/j.camwa.2018.05.016},
  url = {https://doi.org/10.1016/j.camwa.2018.05.016},
  year = {2019},
  month = oct,
  publisher = {Elsevier {BV}},
  volume = {78},
  number = {7},
  pages = {2338--2350},
  author = {Andreas Kerga{\ss}ner and Julia Mergheim and Paul Steinmann},
  title = {Modeling of additively manufactured materials using gradient-enhanced crystal plasticity},
  journal = {Computers {\&} Mathematics with Applications}
}

@article{Freund2018,
  doi = {10.1016/j.jnnfm.2018.03.013},
  url = {https://doi.org/10.1016/j.jnnfm.2018.03.013},
  year = {2018},
  month = jul,
  publisher = {Elsevier {BV}},
  volume = {257},
  pages = {71--82},
  author = {J.B. Freund and J. Kim and R.H. Ewoldt},
  title = {Field sensitivity of flow predictions to rheological parameters},
  journal = {Journal of Non-Newtonian Fluid Mechanics}
}

@article{GonzlezValverde2018,
  doi = {10.1016/j.cma.2018.03.036},
  url = {https://doi.org/10.1016/j.cma.2018.03.036},
  year = {2018},
  month = aug,
  publisher = {Elsevier {BV}},
  volume = {337},
  pages = {246--262},
  author = {Ismael Gonz{\'{a}}lez-Valverde and Jos{\'{e}} Manuel Garc{\'{\i}}a-Aznar},
  title = {Mechanical modeling of collective cell migration: An agent-based and continuum material approach},
  journal = {Computer Methods in Applied Mechanics and Engineering}
}

@misc{gulevich2018mitmojco,
    title={MiTMoJCo: Microscopic Tunneling Model for Josephson Contacts},
    author={Dmitry R. Gulevich},
    year={2018},
    eprint={1809.04706},
    archivePrefix={arXiv},
    primaryClass={cond-mat.supr-con}
}

@misc{maier2018homogenization,
    title={Homogenization of plasmonic crystals: Seeking the epsilon-near-zero effect},
    author={Matthias Maier and Marios Mattheakis and Efthimios Kaxiras and Mitchell Luskin and Dionisios Margetis},
    year={2018},
    eprint={1809.08276},
    archivePrefix={arXiv},
    primaryClass={math.NA}
}

@Article{WickGAMM2019,
  author =       {T. Wick},
  title =        {{Zielorientierte Numerik f{\"u}r Multiphysiksimulationen}},
  journal =      {GAMM-Rundbrief},
  year =         2018,
  volume =    2,
  pages =     {4--10}
}

@article{Endtmayer2018,
  doi = {10.1002/pamm.201800048},
  url = {https://doi.org/10.1002/pamm.201800048},
  year = {2018},
  month = dec,
  publisher = {Wiley},
  volume = {18},
  number = {1},
  author = {Bernhard Endtmayer and Ulrich Langer and Thomas Wick},
  title = {Multiple goal-oriented error estimates applied to 3d non-linear problems},
  journal = {{PAMM}}
}

@misc{bonito2018finite,
    title={Finite element approximation of an obstacle problem for a class of integro-differential operators},
    author={Andrea Bonito and Wenyu Lei and Abner J. Salgado},
    year={2018},
    eprint={1808.01576},
    archivePrefix={arXiv},
    primaryClass={math.NA}
}

@misc{bonito2018strain,
    title={Finite Element Approximation of a Strain-Limiting Elastic Model},
    author={Andrea Bonito and Vivette Girault and Endre Suli},
    year={2018},
    eprint={1805.04006},
    archivePrefix={arXiv},
    primaryClass={math.NA}
}


@MastersThesis{ Munch2018,
  author={M\"unch, Peter},
  title={An efficient hybrid multigrid solver for high-order discontinuous Galerkin methods},
  school={Technical University of Munich},
  year={2018},
  month={oct},
  url={https://mediatum.ub.tum.de/node?id=1514962}
}

@Article{MB_paper_A,
  author    = {Manuel Borregales and Florin Adrian Radu and Kundan Kumar and Jan Martin Nordbotten},
  title     = {Robust iterative schemes for non-linear poromechanics},
  journal   = {Computational Geosciences},
  year      = {2018},
  volume    = {22},
  number    = {4},
  pages     = {1021-1038},
  doi       = {10.1007/s10596-018-9736-6},
  url       = {http://hdl.handle.net/1956/22101},
}

@InProceedings{MB_paper_B,
  author    = {Manuel Borregales and Florin Adrian Radu },
  title     = {Higher Order Space-Time Elements for a Non-linear Biot Model},
  booktitle = {Numerical Mathematics and Advanced Applications ENUMATH 2017, Lecture Notes in Computational Science and Engineering},
  year      = {2018},
  volume    = {126},
  number    = {},
  pages     = {541-549},
  doi       = {10.1007/978-3-319-96415-7_49},
  url       = {http://hdl.handle.net/1956/22586},
}

@misc{pearson2018interior,
    title={Interior Point Methods and Preconditioning for PDE-Constrained Optimization Problems Involving Sparsity Terms},
    author={John W. Pearson and Margherita Porcelli and Martin Stoll},
    year={2018},
    eprint={1806.05896},
    archivePrefix={arXiv},
    primaryClass={math.OC}
}

@misc{carraro2018levelset,
    title={A level-set approach for a multi-scale cancer invasion model},
    author={Thomas Carraro and Sven E. Wetterauer and Ana Victoria Ponce Bobadilla and Dumitru Trucu},
    year={2018},
    eprint={1805.07485},
    archivePrefix={arXiv},
    primaryClass={math.NA}
}


@misc{arndt2018c1mapping,
    title={A C1-mapping based on finite elements on quadrilateral and hexahedral meshes},
    author={Daniel Arndt and Guido Kanschat},
    year={2018},
    eprint={1810.02473},
    archivePrefix={arXiv},
    primaryClass={math.NA}
}

@misc{burstedde2018parallel,
    title={Parallel tree algorithms for AMR and non-standard data access},
    author={Carsten Burstedde},
    year={2018},
    eprint={1803.08432},
    archivePrefix={arXiv},
    primaryClass={cs.DC}
}

@misc{arbogast2018direct,
    title={Direct Serendipity and Mixed Finite Elements on Convex Quadrilaterals},
    author={Todd Arbogast and Zhen Tao},
    year={2018},
    eprint={1809.02192},
    archivePrefix={arXiv},
    primaryClass={math.NA}
}

@misc{emerson2018error,
    title={Error Estimators and Marking Strategies for Electrically Coupled Liquid Crystal Systems},
    author={D. B. Emerson},
    year={2018},
    eprint={1806.06248},
    archivePrefix={arXiv},
    primaryClass={math.NA}
}


@misc{zhang2018rungekutta,
    title={Runge-Kutta symmetric interior penalty discontinuous Galerkin methods for modified Buckley-Leverett equations},
    author={Hong Zhang and Yunrui Guo and Weibin Li and Paul Andries Zegeling},
    year={2018},
    eprint={1801.07182},
    archivePrefix={arXiv},
    primaryClass={math.NA}
}

@misc{badia2017fempar,
    title={FEMPAR: An object-oriented parallel finite element framework},
    author={Santiago Badia and Alberto F. Mart{\'i}n and Javier Principe},
    year={2017},
    eprint={1708.01773},
    archivePrefix={arXiv},
    primaryClass={cs.CE}
}

@article{Emerson2017,
  doi = {10.1080/02678292.2017.1365385},
  url = {https://doi.org/10.1080/02678292.2017.1365385},
  year = {2017},
  month = aug,
  publisher = {Informa {UK} Limited},
  volume = {45},
  number = {3},
  pages = {341--350},
  author = {David B. Emerson and Patrick E. Farrell and James H. Adler and Scott P. MacLachlan and Timothy J. Atherton},
  title = {Computing equilibrium states of cholesteric liquid crystals in elliptical channels with deflation algorithms},
  journal = {Liquid Crystals}
}

@article{Lambe2017,
  doi = {10.1002/nme.5617},
  url = {https://doi.org/10.1002/nme.5617},
  year = {2017},
  month = aug,
  publisher = {Wiley},
  volume = {113},
  number = {3},
  pages = {357--373},
  author = {Andrew B. Lambe and Aleksander Czekanski},
  title = {Topology optimization using a continuous density field and adaptive mesh refinement},
  journal = {International Journal for Numerical Methods in Engineering}
}

@article{Ha2018,
  doi = {10.1007/s00603-018-1542-x},
  url = {https://doi.org/10.1007/s00603-018-1542-x},
  year = {2018},
  month = jul,
  publisher = {Springer Science and Business Media {LLC}},
  volume = {51},
  number = {11},
  pages = {3407--3420},
  author = {Seong Jun Ha and Jinhyun Choo and Tae Sup Yun},
  title = {Liquid {CO}2 Fracturing: Effect of Fluid Permeation on the Breakdown Pressure and Cracking Behavior},
  journal = {Rock Mechanics and Rock Engineering}
}

@article{DiIlio2018,
  doi = {10.1017/jfm.2018.413},
  url = {https://doi.org/10.1017/jfm.2018.413},
  year = {2018},
  month = jun,
  publisher = {Cambridge University Press ({CUP})},
  volume = {849},
  pages = {35--56},
  author = {G. Di Ilio and B. Dorschner and G. Bella and S. Succi and I. V. Karlin},
  title = {Simulation of turbulent flows with the entropic multirelaxation time lattice Boltzmann method on body-fitted meshes},
  journal = {Journal of Fluid Mechanics}
}

@article{Wang2018,
  doi = {10.1149/2.0141811jes},
  url = {https://doi.org/10.1149/2.0141811jes},
  year = {2018},
  publisher = {The Electrochemical Society},
  volume = {165},
  number = {11},
  pages = {A2421--A2438},
  author = {Z. Wang and K. Garikipati},
  title = {A Multi-Physics Battery Model with Particle Scale Resolution of Porosity Evolution Driven by Intercalation Strain and Electrolyte Flow},
  journal = {Journal of The Electrochemical Society}
}

@article{https://doi.org/10.13140/rg.2.2.30755.14885,
  doi = {10.13140/RG.2.2.30755.14885},
  url = {http://rgdoi.net/10.13140/RG.2.2.30755.14885},
  author = {{Jithin Jith}},
  language = {en},
  title = {Acousto-Elastic Interactions in High-Pressure Centrifugal Compressors},
  publisher = {Unpublished},
  year = {2018}
}

@incollection{Carreo2018,
  doi = {10.1007/978-3-319-93701-4_67},
  url = {https://doi.org/10.1007/978-3-319-93701-4_67},
  year = {2018},
  publisher = {Springer International Publishing},
  pages = {846--855},
  author = {A. Carre{\~{n}}o and A. Vidal-Ferr{\`{a}}ndiz and D. Ginestar and G. Verd{\'{u}}},
  title = {The Solution of the Lambda Modes Problem Using Block Iterative Eigensolvers},
  booktitle = {Lecture Notes in Computer Science}
}

@incollection{Evgrafov2018,
  doi = {10.1007/978-3-319-97773-7_24},
  url = {https://doi.org/10.1007/978-3-319-97773-7_24},
  year = {2018},
  month = sep,
  publisher = {Springer International Publishing},
  pages = {260--271},
  author = {Anton Evgrafov},
  title = {Discontinuous Petrov-Galerkin Methods for Topology Optimization},
  booktitle = {{EngOpt} 2018 Proceedings of the 6th International Conference on Engineering Optimization}
}

@article{Cheng2018,
  doi = {10.4208/aamm.oa-2017-0060},
  url = {https://doi.org/10.4208/aamm.oa-2017-0060},
  year = {2018},
  month = jun,
  publisher = {Global Science Press},
  volume = {10},
  number = {1},
  pages = {1--21},
  author = {Jian Cheng},
  title = {A Direct Discontinuous Galerkin Method with Interface Correction for the Compressible Navier-Stokes Equations on Unstructured Grids},
  journal = {Advances in Applied Mathematics and Mechanics}
}

@article{Wei2018,
  doi = {10.3390/en11020329},
  url = {https://doi.org/10.3390/en11020329},
  year = {2018},
  month = feb,
  publisher = {{MDPI} {AG}},
  volume = {11},
  number = {2},
  pages = {329},
  author = {Chenji Wei and Liangang Wang and Baozhu Li and Lihui Xiong and Shuangshuang Liu and Jie Zheng and Suming Hu and Hongqing Song},
  title = {A Study of Nonlinear Elasticity Effects on Permeability of Stress Sensitive Shale Rocks Using an Improved Coupled Flow and Geomechanics Model: A Case Study of the Longmaxi Shale in China},
  journal = {Energies}
}

@article{Lemenager2018,
  doi = {10.1186/s40517-018-0092-5},
  url = {https://doi.org/10.1186/s40517-018-0092-5},
  year = {2018},
  month = may,
  publisher = {Springer Science and Business Media {LLC}},
  volume = {6},
  number = {1},
  author = {Alexandre Lemenager and Craig O'Neill and Siqi Zhang and Morgan Evans},
  title = {The effect of temperature-dependent thermal conductivity on the geothermal structure of the Sydney Basin},
  journal = {Geothermal Energy}
}

@article{Kanschat2018,
 doi = {10.1007/s10915-018-0843-2},
  url = {https://doi.org/10.1007/s10915-018-0843-2},
  year = {2018},
  month = oct,
  publisher = {Springer Science and Business Media {LLC}},
  volume = {77},
  number = {3},
  pages = {1762--1779},
  author = {Guido Kanschat and Beatrice Riviere},
  title = {A Finite Element Method with Strong Mass Conservation for Biot's Linear Consolidation Model},
  journal = {Journal of Scientific Computing}
}

@article{Bnger2018,
  doi = {10.1088/1757-899x/304/1/012004},
  url = {https://doi.org/10.1088/1757-899x/304/1/012004},
  year = {2018},
  month = jan,
  publisher = {{IOP} Publishing},
  volume = {304},
  pages = {012004},
  author = {J B\"{u}nger and S Richter and M Torrilhon},
  title = {A deterministic model of electron transport for electron probe microanalysis},
  journal = {{IOP} Conference Series: Materials Science and Engineering}
}

@incollection{Basak2018,
  doi = {10.1007/978-3-319-76968-4_25},
  url = {https://doi.org/10.1007/978-3-319-76968-4_25},
  year = {2018},
  publisher = {Springer International Publishing},
  pages = {161--165},
  author = {Anup Basak and Valery I. Levitas},
  title = {Nanoscale Phase Field Modeling and Simulations of Martensitic Phase Transformations and Twinning at Finite Strains},
  booktitle = {Proceedings of the International Conference on Martensitic Transformations: Chicago}
}

@article{Zhang2018b,
  doi = {10.1002/nme.5737},
  url = {https://doi.org/10.1002/nme.5737},
  year = {2018},
  month = jan,
  publisher = {Wiley},
  volume = {114},
  number = {2},
  pages = {128--146},
  author = {Shanglong Zhang and Arun L. Gain and Juli{\'{a}}n A. Norato},
  title = {A geometry projection method for the topology optimization of curved plate structures with placement bounds},
  journal = {International Journal for Numerical Methods in Engineering}
}

@incollection{Babaei2018,
  doi = {10.1007/978-3-319-76968-4_26},
  url = {https://doi.org/10.1007/978-3-319-76968-4_26},
  year = {2018},
  publisher = {Springer International Publishing},
  pages = {167--170},
  author = {H. Babaei and V. I. Levitas},
  title = {Phase Field Study of Lattice Instability and Nanostructure Evolution in Silicon During Phase Transformation Under Complex Loading},
  booktitle = {Proceedings of the International Conference on Martensitic Transformations: Chicago}
}

@inproceedings{Castelletto2018,
  doi = {10.3997/2214-4609.201802132},
  url = {https://doi.org/10.3997/2214-4609.201802132},
  year = {2018},
  month = sep,
  publisher = {{EAGE} Publications {BV}},
  author = {N. Castelletto and M. Ferronato and A. Franceschini and R.R. Settgast and J.A. White},
  title = {Fully-Implicit Solvers For Coupled Poromechanics Of Fractured Reservoirs},
  booktitle = {{ECMOR} {XVI} - 16th European Conference on the Mathematics of Oil Recovery}
}

@article{Rom2018,
  doi = {10.1016/j.triboint.2018.04.011},
  url = {https://doi.org/10.1016/j.triboint.2018.04.011},
  year = {2018},
  month = aug,
  publisher = {Elsevier {BV}},
  volume = {124},
  pages = {247--258},
  author = {Michael Rom and Siegfried M\"{u}ller},
  title = {An effective Navier-Stokes model for the simulation of textured surface lubrication},
  journal = {Tribology International}
}

@article{Babaei2018b,
  doi = {10.1016/j.ijplas.2018.04.006},
  url = {https://doi.org/10.1016/j.ijplas.2018.04.006},
  year = {2018},
  month = aug,
  publisher = {Elsevier {BV}},
  volume = {107},
  pages = {223--245},
  author = {Hamed Babaei and Valery I. Levitas},
  title = {Phase-field approach for stress- and temperature-induced phase transformations that satisfies lattice instability conditions. Part 2. simulations of phase transformations Si I$\leftrightarrow$ Si {II}},
  journal = {International Journal of Plasticity}
}

@article{https://doi.org/10.25560/70367,
  doi = {10.25560/70367},
  url = {http://spiral.imperial.ac.uk/handle/10044/1/70367},
  author = {Ellam,  Louis},
  title = {Bayesian approaches to modelling physical and socio-economic systems},
  publisher = {Imperial College London},
  year = {2018},
  copyright = {Creative Commons Attribution NonCommercial Licence}
}

@article{Truster2018,
  doi = {10.1016/j.softx.2018.05.002},
  url = {https://doi.org/10.1016/j.softx.2018.05.002},
  year = {2018},
  month = jan,
  publisher = {Elsevier {BV}},
  volume = {7},
  pages = {162--170},
  author = {Timothy J. Truster},
  title = {{DEIP},  discontinuous element insertion Program---Mesh generation for interfacial finite element modeling},
  journal = {{SoftwareX}}
}

@article{Choo2018,
  doi = {10.1016/j.cma.2018.06.022},
  url = {https://doi.org/10.1016/j.cma.2018.06.022},
  year = {2018},
  month = nov,
  publisher = {Elsevier {BV}},
  volume = {341},
  pages = {311--332},
  author = {Jinhyun Choo and Sanghyun Lee},
  title = {Enriched Galerkin finite elements for coupled poromechanics with local mass conservation},
  journal = {Computer Methods in Applied Mechanics and Engineering}
}

@article{Wilmers2018,
  doi = {10.1016/j.eml.2018.03.002},
  url = {https://doi.org/10.1016/j.eml.2018.03.002},
  year = {2018},
  month = may,
  publisher = {Elsevier {BV}},
  volume = {21},
  pages = {57--64},
  author = {Jana Wilmers and Swantje Bargmann},
  title = {Functionalisation of metal--polymer-nanocomposites: Chemoelectromechanical coupling and charge carrier transport},
  journal = {Extreme Mechanics Letters}
}

@article{Gupta2018,
  doi = {10.1007/s00158-018-2048-6},
  url = {https://doi.org/10.1007/s00158-018-2048-6},
  year = {2018},
  month = aug,
  publisher = {Springer Science and Business Media {LLC}},
  volume = {58},
  number = {4},
  pages = {1335--1350},
  author = {Deepak K. Gupta and Matthijs Langelaar and Fred van Keulen},
  title = {{QR}-patterns: artefacts in multiresolution topology optimization},
  journal = {Structural and Multidisciplinary Optimization}
}

@article{Sharma2018,
  doi = {10.1515/jnma-2016-1132},
  url = {https://doi.org/10.1515/jnma-2016-1132},
  year = {2018},
  month = dec,
  publisher = {Walter de Gruyter {GmbH}},
  volume = {26},
  number = {4},
  pages = {209--232},
  author = {Natasha Sharma and Guido Kanschat},
  title = {A contraction property of an adaptive divergence-conforming discontinuous Galerkin method for the Stokes problem},
  journal = {Journal of Numerical Mathematics}
}

@article{Beams2018,
  doi = {10.1016/j.jcp.2018.08.032},
  url = {https://doi.org/10.1016/j.jcp.2018.08.032},
  year = {2018},
  month = dec,
  publisher = {Elsevier {BV}},
  volume = {375},
  pages = {1295--1313},
  author = {Natalie N. Beams and Andreas Kl\"{o}ckner and Luke N. Olson},
  title = {High-order finite element--integral equation coupling on embedded meshes},
  journal = {Journal of Computational Physics}
}

@article{Basak2018b,
  doi = {10.1016/j.jmps.2018.01.014},
  url = {https://doi.org/10.1016/j.jmps.2018.01.014},
  year = {2018},
  month = apr,
  publisher = {Elsevier {BV}},
  volume = {113},
  pages = {162--196},
  author = {Anup Basak and Valery I. Levitas},
  title = {Nanoscale multiphase phase field approach for stress- and temperature-induced martensitic phase transformations with interfacial stresses at finite strains},
  journal = {Journal of the Mechanics and Physics of Solids}
}

@article{Neitzel2017,
  doi = {10.1007/s00211-017-0906-6},
  url = {https://doi.org/10.1007/s00211-017-0906-6},
  year = {2018},
  month = jul,
  publisher = {Springer Science and Business Media {LLC}},
  volume = {138},
  number = {2},
  pages = {273--299},
  author = {I. Neitzel and W. Wollner},
  title = {A priori $L^2$ -discretization error estimates for the state in elliptic optimization problems with pointwise inequality state constraints},
  journal = {Numerische Mathematik}
}

@article{Failer2018,
  doi = {10.1016/j.jcp.2018.04.021},
  url = {https://doi.org/10.1016/j.jcp.2018.04.021},
  year = {2018},
  month = aug,
  publisher = {Elsevier {BV}},
  volume = {366},
  pages = {448--477},
  author = {Lukas Failer and Thomas Wick},
  title = {Adaptive time-step control for nonlinear fluid--structure interaction},
  journal = {Journal of Computational Physics}
}

@phdthesis{Shovkun2018,
author = {Shovkun, I},
title = {{Coupled chemo-mechanical processes in reservoir geomechanics}},
url = {https://repositories.lib.utexas.edu/handle/2152/72439},
publisher={University of Texas at Austin},
year = {2018}
}

@article{Schneider_Hu_Dumas_Gao_Panozzo_Zorin_2018, 
title={Decoupling Simulation Accuracy from Mesh Quality}, 
url={http://par.nsf.gov/biblio/10080686}, 
journal={ACM Transactions on Graphics}, 
author={Schneider, Teseo and Hu, Yixin and Dumas, Jeremie and Gao, Xifeng and Panozzo, Daniele and Zorin, Denis}, 
year={2018}, 
month={Dec}
}

@phdthesis{Sabawi2018,
author = {Sabawi, Mohammad},
title = {Discontinuous Galerkin timestepping for nonlinear parabolic problems },
url = {https://www.researchgate.net/publication/327546550},
publisher={University of Leicester},
year = {2018}
}

@inproceedings{Koepf2018,
author = {Koepf, Johannes and Soldner, Dominic and Gotterbarm, Martin and Markl, Matthias and Mergheim, Julia and K{\"o}rner, Carolin},
year = {2018},
month = {May},
title = {3D Grainstructure simulation in powder bed additive manufacturing},
booktitle = {NAFEMS Konferenz 2018}
}

@phdthesis{Guo2018b,
author = {Guo, X.},
title = {{A Study of Interwell Interference and Well Performance in Unconventional Reservoirs Based on Coupled Flow and Geomechanics Modeling with Improved}},
url = {https://oaktrust.library.tamu.edu/handle/1969.1/173772},
publisher={Texas A\&M University},
year = {2018}
}

@phdthesis{Aggul2018,
author = {Aggul, Mustafa},
title = {High Accuracy Methods and Regularization Techniques for Fluid Flows and Fluid-Fluid interactions},
url = {https://digitalcommons.mtu.edu/etdr/642/},
publisher={Michigan Tech},
year = {2018}
}

@phdthesis{Greene2018,
author = {Greene, P},
title = {{A Bayesian Approach to Spike Sorting of Neural Data via Source Localization}},
url = {https://repository.arizona.edu/handle/10150/628404},
publisher={University of Arizona},
year = {2018}
}

@phdthesis{Ghesmati2018,
author = {Ghesmati, Arezou},
title = {{Residual and Goal-Oriented h-and hp-adaptive Finite Element; Application for Elliptic and Saddle Point Problems}},
url = {https://oaktrust.library.tamu.edu/handle/1969.1/173289},
publisher={Texas A\&M University},
year = {2018}
}

@phdthesis{Zareei2018,
author = {Zareei, Ahmad},
title = {{Transformation Based Wave Control}},
url = {https://escholarship.org/uc/item/21d6c40m},
publisher={University of California, Berkeley},
year = {2018}
}

@phdthesis{Na2018,
author = {Na, S. H.},
title = {{Multiscale thermo-hydro-mechanical-chemical coupling effects for fluid-infiltrating crystalline solids and geomaterials: theory, implementation, and validation}},
url = {https://academiccommons.columbia.edu/doi/10.7916/D8P85VM9},
publisher={Columbia University},
year = {2018}
}

@phdthesis{Shannon2018,
author = {Shannon, S. J.},
title = {{Hybridized discontinuous Galerkin methods for magnetohydrodynamics}},
url = {https://repositories.lib.utexas.edu/handle/2152/75763},
publisher = {University of Texas},
year = {2018}
}

@phdthesis{Huang2018,
author = {Huang, Y.},
title = {{Hybrid Analog-Digital Co-Processing for Scientific Computation}},
url = {https://academiccommons.columbia.edu/doi/10.7916/D8V711TR},
publisher={Columbia University},
year = {2018}
}

@phdthesis{Jansen2018,
author = {Jansen, G.},
title = {{Modeling heat and fluid flow in discrete fracture networks}},
url = {https://doc.rero.ch/record/328092},
publisher = {Universit\'{e} de Neuch\^{a}tel},
year = {2018}
}

@article{Jadamba_Khan_Kahler_Sama_2018,
  url = {http://www.ybook.co.jp/online2/oppafa/vol3/p309.html},
  year = {2018},
  month = {Jan},
  volume = {3},
  number = {2},
  author = {Jadamba, B and Khan, A. A. and Kahler, R. and Sama, M.}, 
  title = {Elliptic Inverse Problems of Identifying Nonlinear Parameters},
  journal ={Pure and Applied Functional Analysis}
}

@phdthesis{dorschner2018b,
  doi = {10.3929/ETHZ-B-000278644},
  url = {http://hdl.handle.net/20.500.11850/278644},
  author = {Dorschner,  Benedikt},
  title = {Entropic Lattice Boltzmann Method for Complex Flows},
  school = {ETH Zurich},
  year = {2018}
}


@article{Sartori2018,
  doi = {10.1016/j.softx.2018.09.004},
  url = {https://doi.org/10.1016/j.softx.2018.09.004},
  year = {2018},
  month = jan,
  publisher = {Elsevier {BV}},
  volume = {7},
  pages = {318--327},
  author = {Alberto Sartori and Nicola Giuliani and Mauro Bardelloni and Luca Heltai},
  title = {deal2lkit: A toolkit library for high performance programming in deal.{II}},
  journal = {{SoftwareX}}
}

@inproceedings{Luo2018,
  doi = {10.1115/detc2018-85701},
  url = {https://doi.org/10.1115/detc2018-85701},
  year = {2018},
  month = aug,
  publisher = {American Society of Mechanical Engineers},
  author = {Zhibo Luo and Yaoyao Fiona Zhao},
  title = {Finite Element Thermal Analysis of Melt Pool in Selective Laser Melting Process},
  booktitle = {38th Computers and Information in Engineering Conference, Volume 1A}
}

@phdthesis{VidalFerrndiz,
  doi = {10.4995/thesis/10251/98522},
  url = {https://doi.org/10.4995/thesis/10251/98522},
  year = {2018},
  publisher = {Universitat Politecnica de Valencia},
  author = {Antoni Vidal Ferr{\`{a}}ndiz},
  title = {Development of a finite element method for neutron transport equation approximations}
}

@article{Caen2018,
  doi = {10.1038/s41378-018-0033-2},
  url = {https://doi.org/10.1038/s41378-018-0033-2},
  year = {2018},
  month = oct,
  publisher = {Springer Science and Business Media {LLC}},
  volume = {4},
  number = {1},
  author = {Ouriel Caen and Simon Sch\"{u}tz and M. S. Suryateja Jammalamadaka and J{\'{e}}r{\'{e}}my Vrignon and Philippe Nizard and Tobias M. Schneider and Jean-Christophe Baret and Val{\'{e}}rie Taly},
  title = {High-throughput multiplexed fluorescence-activated droplet sorting},
  journal = {Microsystems {\&} Nanoengineering}
}

@article{Alhazmi2019,
  doi = {10.14569/ijacsa.2019.0100372},
  url = {https://doi.org/10.14569/ijacsa.2019.0100372},
  year = {2019},
  publisher = {The Science and Information Organization},
  volume = {10},
  number = {3},
  author = {Muflih Alhazmi},
  title = {Exploring Mechanisms for Pattern Formation through Coupled Bulk-Surface {PDEs} in Case of Non-linear Reactions},
  journal = {International Journal of Advanced Computer Science and Applications}
}

@phdthesis{Massoudi2018,
author = {Massoudi, A},
title = {{Numerical Algorithms for the Linear-Quadratic Optimal Control of Well-Posed Linear Systems}},
Publisher = {Universit\"{a}t Hamburg},
url = {https://ediss.sub.uni-hamburg.de/volltexte/2018/9055/},
year = {2018}
}

@techreport{Gulevich2018b,
author = {Gulevich, Dmitry R and Gulevich, Dmitry R},
title = {{User Guide for MiTMoJCo 1.2 (Microscopic Tunneling Model for Josephson Contacts) MiTMoJCo 1.2}},
url = {https://github.com/drgulevich/mitmojco},
year = {2018}
}

@incollection{Dang2018,
  doi = {10.1007/978-981-13-2306-5_15},
  url = {https://doi.org/10.1007/978-981-13-2306-5_15},
  year = {2018},
  month = sep,
  publisher = {Springer Singapore},
  pages = {123--129},
  author = {Hong-Lam Dang and Duc-Phi Do and Dashnor Hoxha},
  title = {Fractured Reservoirs Modeling by Embedded Fracture Continuum Approach: Field-Scale Applications},
  booktitle = {Lecture Notes in Civil Engineering}
}

@inproceedings{Guo2018,
  doi = {10.15530/urtec-2018-2874464},
  url = {https://doi.org/10.15530/urtec-2018-2874464},
  year = {2018},
  publisher = {American Association of Petroleum Geologists},
  author = {Xuyang Guo and Kan Wu and John Killough and Jizhou Tang},
  title = {Understanding the Mechanism of Interwell Fracturing Interference Based on Reservoir-Geomechanics-Fracturing Modeling in Eagle Ford Shale},
  booktitle = {Proceedings of the 6th Unconventional Resources Technology Conference}
}

@article{Zheng2017,
  doi = {10.1080/00295639.2017.1407592},
  url = {https://doi.org/10.1080/00295639.2017.1407592},
  year = {2017},
  month = dec,
  publisher = {Informa {UK} Limited},
  volume = {189},
  number = {3},
  pages = {259--271},
  author = {Weixiong Zheng and Ryan G. McClarren and Jim E. Morel},
  title = {An Accurate Globally Conservative Subdomain Discontinuous Least-Squares Scheme for Solving Neutron Transport Problems},
  journal = {Nuclear Science and Engineering}
}


@incollection{Schuster2017,
  doi = {10.1007/978-3-319-49715-0_16},
  url = {https://doi.org/10.1007/978-3-319-49715-0_16},
  year = {2017},
  month = aug,
  publisher = {Springer International Publishing},
  pages = {373--397},
  author = {T. Schuster and F. Sch\"{o}pfer},
  title = {Damage Identification by Dynamic Load Monitoring},
  booktitle = {Lamb-Wave Based Structural Health Monitoring in Polymer Composites}
}


@incollection{Gulpak2017,
  doi = {10.1007/978-3-319-57120-1_12},
  url = {https://doi.org/10.1007/978-3-319-57120-1_12},
  year = {2017},
  month = sep,
  publisher = {Springer International Publishing},
  pages = {251--288},
  author = {M. Gulpak and H. Wernsing and J. S\"{o}lter and C. B\"{u}skens},
  title = {Compensation Strategies for Thermal Effects in Dry Milling},
  booktitle = {Lecture Notes in Production Engineering}
}


@article{Deolmi2018,
  doi = {10.1016/j.matcom.2018.02.008},
  url = {https://doi.org/10.1016/j.matcom.2018.02.008},
  year = {2018},
  month = aug,
  publisher = {Elsevier {BV}},
  volume = {150},
  pages = {49--65},
  author = {G. Deolmi and S. M\"{u}ller},
  title = {A two-step model order reduction method to simulate a compressible flow over an extended rough surface},
  journal = {Mathematics and Computers in Simulation}
}

@article{Cheng2018,
  doi = {10.1016/j.jcp.2018.02.031},
  url = {https://doi.org/10.1016/j.jcp.2018.02.031},
  year = {2018},
  month = jun,
  publisher = {Elsevier {BV}},
  volume = {362},
  pages = {305--326},
  author = {Jian Cheng and Huiqiang Yue and Shengjiao Yu and Tiegang Liu},
  title = {Analysis and development of adjoint-based h-adaptive direct discontinuous Galerkin method for the compressible Navier--Stokes equations},
  journal = {Journal of Computational Physics}
}


@article{Cangiani2018,
  doi = {10.1090/mcom/3322},
  url = {https://doi.org/10.1090/mcom/3322},
  year = {2018},
  month = feb,
  publisher = {American Mathematical Society ({AMS})},
  volume = {87},
  number = {314},
  pages = {2675--2707},
  author = {Andrea Cangiani and Emmanuil H. Georgoulis and Younis A. Sabawi},
  title = {Adaptive discontinuous Galerkin methods for elliptic interface problems},
  journal = {Mathematics of Computation}
}


@article{Karban2018,
  doi = {10.1016/j.amc.2017.07.043},
  url = {https://doi.org/10.1016/j.amc.2017.07.043},
  year = {2018},
  month = feb,
  publisher = {Elsevier {BV}},
  volume = {319},
  pages = {681--692},
  author = {Pavel Karban and Petr Krop{\'{\i}}k and V{\'{a}}clav Kotlan and Ivo Dole{\v{z}}el},
  title = {Bayes approach to solving T.E.A.M. benchmark problems 22 and 25 and its comparison with other optimization techniques},
  journal = {Applied Mathematics and Computation}
}

@article{Brauss2018,
  doi = {10.1016/j.apnum.2018.01.014},
  url = {https://doi.org/10.1016/j.apnum.2018.01.014},
  year = {2018},
  month = nov,
  publisher = {Elsevier {BV}},
  volume = {133},
  pages = {130--143},
  author = {K.D. Brauss and A.J. Meir},
  title = {On a parallel,  3-dimensional,  finite element solver for viscous,  resistive,  stationary magnetohydrodynamics equations: Velocity--current formulation},
  journal = {Applied Numerical Mathematics}
}

@article{Kazemi2018,
  doi = {10.1115/1.4040624},
  url = {https://doi.org/10.1115/1.4040624},
  year = {2018},
  month = sep,
  publisher = {{ASME} International},
  volume = {140},
  number = {11},
  author = {Hesaneh Kazemi and Ashkan Vaziri and Juli{\'{a}}n A. Norato},
  title = {Topology Optimization of Structures Made of Discrete Geometric Components With Different Materials},
  journal = {Journal of Mechanical Design}
}


@inproceedings{Zhang2018,
  doi = {10.1115/detc2018-86116},
  url = {https://doi.org/10.1115/detc2018-86116},
  year = {2018},
  month = aug,
  publisher = {American Society of Mechanical Engineers},
  author = {Shanglong Zhang and Juli{\'{a}}n A. Norato},
  title = {Finding Better Local Optima in Topology Optimization via Tunneling},
  booktitle = {Volume 2B: 44th Design Automation Conference}
}


@article{Qiao2018,
  doi = {10.1051/jnwpu/20183610057},
  url = {https://doi.org/10.1051/jnwpu/20183610057},
  year = {2018},
  month = feb,
  publisher = {{EDP} Sciences},
  volume = {36},
  number = {1},
  pages = {57--65},
  author = {Lei Qiao and Junqiang Bai and Yasong Qiu and Jun Hua and Jiakuan Xu},
  title = {A Blended Continuation Method for Solving Steady Inviscid Flow},
  journal = {Xibei Gongye Daxue Xuebao/Journal of Northwestern Polytechnical University}
}


@article{Carreo2018,
  doi = {10.1016/j.anucene.2018.08.010},
  url = {https://doi.org/10.1016/j.anucene.2018.08.010},
  year = {2018},
  month = nov,
  publisher = {Elsevier {BV}},
  volume = {121},
  pages = {513--524},
  author = {A. Carre{\~{n}}o and A. Vidal-Ferr{\`{a}}ndiz and D. Ginestar and G. Verd{\'{u}}},
  title = {Block hybrid multilevel method to compute the dominant $\uplambda$-modes of the neutron diffusion equation},
  journal = {Annals of Nuclear Energy}
}


@inproceedings{EbnaHai2018,
  doi = {10.1115/imece2018-87448},
  url = {https://doi.org/10.1115/imece2018-87448},
  year = {2018},
  month = nov,
  publisher = {American Society of Mechanical Engineers},
  author = {Bhuiyan Shameem Mahmood Ebna Hai and Markus Bause},
  title = {Numerical Modeling and Approximation of the Coupling Lamb Wave Propagation With Fluid-Structure Interaction Problem},
  booktitle = {Volume 9: Mechanics of Solids,  Structures,  and Fluids}
}

@inproceedings{Wichrowski2018,
author = {Wichrowski, M l},
journal = {congress.cimne.com},
title = {{Multigrid method for Stokes problem with discontinuous viscosity}},
url = {http://congress.cimne.com/eccm_ecfd2018/admin/files/fileabstract/a2092.pdf},
year = {2018}
}

@inproceedings{Mehnert,
author = {Mehnert, M and Hossain, M and Steinmann, P},
journal = {congress.cimne.com},
title = {{A THERMO-ELECTRO-VISCOELASTIC MATERIAL MODEL FOR THE SIMULATION OF VHB 4905}},
url = {http://congress.cimne.com/eccm_ecfd2018/admin/files/fileabstract/a839.pdf},
year = {2018}
}

@inproceedings{Hai2018,
author = {Hai, BSME and Bause, M},
title = {{Mathematical Modelling of Structural Health Monitoring Systems: Coupling Fluid-Structure Interaction with Wave Propagation.}},
url = {http://congress.cimne.com/eccm_ecfd2018/admin/files/filePaper/p1848.pdf},
year = {2018}
}


@techreport{Hochbruck2018,
author = {Hochbruck, Marlis and K{\"{o}}hler, Jonas},
title = {{On the efficiency of the Peaceman-Rachford ADI-dG method for wave-type methods On the efficiency of the Peaceman-Rachford ADI-dG method for wave-type problems}},
url = {https://www.waves.kit.edu/downloads/CRC1173_Preprint_2017-34.pdf},
year = {2018}
}

@techreport{Mohebujjaman,
year = {2018},
author = {Mohebujjaman, Muhammad},
institution = {Virginia Tech University},
title = {High order efficient algorithm for computation of {MHD} flow ensemble},
url = {https://mohebujjaman.github.io/Second_order_ensembleMHD_Mohebujjaman.pdf}
}



@Comment{jabref-meta: databaseType:bibtex;}
