% Encoding: US-ASCII

@article{Motamarri2020,
  doi = {10.1016/j.cpc.2019.07.016},
  url = {https://doi.org/10.1016/j.cpc.2019.07.016},
  year = {2020},
  month = jan,
  publisher = {Elsevier {BV}},
  volume = {246},
  pages = {106853},
  author = {Phani Motamarri and Sambit Das and Shiva Rudraraju and Krishnendu Ghosh and Denis Davydov and Vikram Gavini},
  title = {{DFT}-{FE} {\textendash} A massively parallel adaptive finite-element code for large-scale density functional theory calculations},
  journal = {Computer Physics Communications}
}


@article{10.1093/gji/ggaa039,
    author = {K\"aufl, J S and Grayver, A V and Comeau, M J and Kuvshinov, A V and Becken, M and Kamm, J and Batmagnai, E and Demberel, S},
    title = "{Magnetotelluric multiscale 3-D inversion reveals crustal and upper mantle structure beneath the Hangai and Gobi-Altai region in Mongolia}",
    journal = {Geophysical Journal International},
    year = {2020},
    month = {01},
    issn = {0956-540X},
    doi = {10.1093/gji/ggaa039},
    url = {https://doi.org/10.1093/gji/ggaa039},
    note = {in press}
}

@article{nitzler2020generalized,
  title={A Generalized Probabilistic Learning Approach for Multi-Fidelity Uncertainty Propagation in Complex Physical Simulations},
  author={Nitzler, Jonas and Biehler, Jonas and Fehn, Niklas and Koutsourelakis, Phaedon-Stelios and Wall, Wolfgang A},
  journal={arXiv preprint arXiv:2001.02892},
  year={2020}
}

@article{fisher2020scalability,
  author = {Fischer, Paul and Min, Misun and Rathnayake, Thilina and Dutta, Som and Kolev, Tzanio and Dobrev, Veselin and Camier, Jean-Sylvain and Kronbichler, Martin and Warburton, Tim and \'Swirydowicz, Kasia and Brown, Jed},
  title = {Scalability of High-Performance {PDE} Solvers},
  journal = {The International Journal on High Performance Computing Applications},
  year = {2020},
  volume = {in press}
}

@Comment{jabref-meta: databaseType:bibtex;}
