% Encoding: US-ASCII

@MastersThesis{1998_0,
  author    = {W. Bangerth},
  title     = {Adaptive Finite-Elemente-Methoden zur L\"{o}sung der Wellengleichung mit Anwendung in der Physik der Sonne},
  school    = {University of Heidelberg},
  year      = {1998},
  owner     = {Jean-Paul Pelteret},
  timestamp = {2018.11.20},
  url       = {http://www.math.colostate.edu/~bangerth/publications/1998-thesis.abstract.html},
}

@Comment{jabref-meta: databaseType:bibtex;}
