% Encoding: US-ASCII


@PhDThesis{Cox2017,
  Title                    = {{Adaptive large-scale mantle convection simulations}},
  Author                   = {Cox, S. P.},
  Year                     = {2017},
  School = {University of Leicester},
  Url                      = {https://lra.le.ac.uk/handle/2381/39571}
}

@Article{Ganesan2017,
  Title                    = {{Microstructural Response of Magnesium Alloys: 3D Crystal Plasticity and Experimental Validation}},
  Author                   = {Ganesan, S},
  Year                     = {2017},
  School = {University of Michigan},
  Url                      = {http://www-personal.umich.edu/~veeras/papers/sriramthesis.pdf}
}

@PhdThesis{Giuliani2017,
  Title                    = {{Modelling Fluid Structure Interaction problems using Boundary Element Method}},
  Author                   = {Giuliani, N},
  School                   = {Scuola Internazionale Superiore di Studi Avanzati - Trieste},
  Year                     = {2017},
  Url                      = {https://iris.sissa.it/handle/20.500.11767/57293}
}

@InProceedings{Goluchova,
  Title                    = {Epicyclic oscillations of thick relativistic disks},
  Author                   = {J. Hor{\'a}k and O. Straub and E. {\v{S}}r{\'a}mkov{\'a} and K. Goluchov{\'{a}} and G. T{\"{o}}r{\"{o}}k},
  booktitle                = {Proceedings of RAGtime 2015/2016/2017, Opava, Czech Republic},
  Editor = {Z. Stuchl{\'i}k, G. Tor{\"o}k and V. Karas},
  Pages = {47--59},
  year = {2017},
  Url                      = {http://proceedings.physics.cz/images/proc17/hor2.pdf}
}

@article{Grohs2017,
  doi = {10.5802/smai-jcm.26},
  url = {https://doi.org/10.5802/smai-jcm.26},
  year = {2017},
  publisher = {Cellule {MathDoc}/{CEDRAM}},
  volume = {3},
  pages = {219--248},
  author = {Philipp Grohs and Ralf Hiptmair and Simon Pintarelli},
  title = {Tensor-Product Discretization for the Spatially Inhomogeneous and Transient Boltzmann Equation in Two Dimensions},
  journal = {{SMAI} Journal of Computational Mathematics}
}

@PhDThesis{Holmgren2017,
  Title                    = {{Modelling of Moving Contact Lines in Two-Phase Flows}},
  Author                   = {Holmgren, H},
  Year                     = {2017},
  School = {Uppsala University},
  Url                      = {http://www.diva-portal.org/smash/record.jsf?pid=diva2:1139929}
}

@article{ONeill2018inception,
  doi={10.1098/rsta.2017.0414},
  title={The inception of plate tectonics: a record of failure},
  author={O'Neill, Craig and Turner, Simon and Rushmer, Tracy},
  journal={Philosophical Transactions of the Royal Society A: Mathematical, Physical and Engineering Sciences},
  volume={376},
  number={2132},
  pages={20170414},
  year={2018},
  publisher={The Royal Society Publishing}
}

@article{ONeill2017impact,
  doi={10.1038/ngeo3029},
  title={Impact-driven subduction on the {H}adean {E}arth},
  author={O'Neill, C. and Marchi, S. and Zhang, S. and Bottke, W.},
  journal={Nature Geoscience},
  volume={10},
  number={10},
  pages={793},
  year={2017},
  publisher={Nature Publishing Group}
}

@InProceedings{Korous,
  Title                    = {Distributed Implicit Discontinuous Galerkin {MHD} Solver},
  Author                   = {Korous, L and Karban, P and Skala, J},
  Booktitle = {Proceedings of the 2017 CompuMag conference},
  year = {2017},
  Url                      = {http://www.compumag.org/CMAG2017/[PD-A7-13]_492.pdf}
}

@PhDThesis{Joos2017,
  Title                    = {{Microstructural Characterisation, Modelling and Simulation of Solid Oxide Fuel Cell Cathodes}},
  Author                   = {Joos, J},
  Year                     = {2017},
  School = {Karlsruhe Institute of Technology},
  Url                      = {https://publikationen.bibliothek.kit.edu/1000064791/4189242}
}

@phdthesis{ubsi_1237,
	author = {Andreas Kr{\"a}mer},
	title = {Lattice-{B}oltzmann-{M}ethoden zur {S}imulation inkompressibler {W}irbelstr{\"o}mungen},
	year = {2017},
	school = {Universit{\"a}t Siegen},
	url = {https://dspace.ub.uni-siegen.de/handle/ubsi/1237}
}


@PhdThesis{beams2017high,
  Title                    = {{High-order hybrid methods using Green's functions and finite elements}},
  Author                   = {Beams, Natalie N},
  School                   = {University of Illinois at Urbana-Champaign},
  Year                     = {2017},
  Url = {https://www.ideals.illinois.edu/bitstream/handle/2142/98387/BEAMS-DISSERTATION-2017.pdf?sequence=1}
}

@PhdThesis{brand2017forces,
  Title                    = {{Forces and Flow of Contractile Networks}},
  Author                   = {Brand, Christoph Alexander},
  Year                     = {2017},
  School = {Heidelberg University},
  Url = {http://archiv.ub.uni-heidelberg.de/volltextserver/20233/1/thesis20151207.pdf},
  Doi = {10.11588/heidok.00020233}
}


@misc{welper2017h,
    title={$h$ and $hp$-adaptive Interpolation by Transformed Snapshots for Parametric and Stochastic Hyperbolic PDEs},
    author={G. Welper},
    year={2017},
    eprint={1710.11481},
    archivePrefix={arXiv},
    primaryClass={math.NA}
}

@misc{wells2017using,
    title={Using p-Refinement to Increase Boundary Derivative Convergence Rates},
    author={David Wells and Jeffrey Banks},
    year={2017},
    eprint={1711.05922},
    archivePrefix={arXiv},
    primaryClass={math.NA}
}

@misc{riviere2017finite,
    title={A finite element method with strong mass conservation for Biot's linear consolidation model},
    author={Beatrice Riviere and Guido Kanschat},
    year={2017},
    eprint={1712.07468},
    archivePrefix={arXiv},
    primaryClass={math.NA}
}

@misc{marojevi2017life,
    title={Life time of topological coherent modes of a Bose--Einstein condensate in a gravito optical surface trap},
    author={{\v{Z}}elimir Marojevi{\'c} and Ertan G{\"o}kl{\"u} and Hannes Uecker and Claus L{\"a}mmerzahl},
    year={2017},
    eprint={1708.04443},
    archivePrefix={arXiv},
    primaryClass={quant-ph}
}

@misc{maier2017generation,
    title={Generation of surface plasmon-polaritons by edge effects},
    author={Matthias Maier and Dionisios Margetis and Mitchell Luskin},
    year={2017},
    eprint={1702.00848},
    archivePrefix={arXiv},
    primaryClass={physics.comp-ph}
}

@misc{licht2017flux,
    title={Flux Reconstruction for Goal-Oriented A Posteriori Error Estimation},
    author={Martin Licht and Matthias Maier},
    year={2017},
    eprint={1707.09659},
    archivePrefix={arXiv},
    primaryClass={math.NA}
}




@MastersThesis{Alzetta2017,
  author =       {G. Alzetta},
  title =        {Core building blocks for massively parallel multi-physics applications},
  school =       {SISSA},
  year =         {2017},
  url = {https://iris.sissa.it/retrieve/handle/20.500.11767/68032/61711/Giovanni%20Alzetta.pdf}
}

@misc{joshi2017aposteriori,
    title={A-posteriori diffusion analysis of higher-order numerical schemes for application to propagating linear waves},
    author={S. M. Joshi and A. Chatterjee},
    year={2017},
    eprint={1707.05026},
    archivePrefix={arXiv},
    primaryClass={physics.comp-ph}
}

@misc{galiano2017crossdiffusion,
    title={On a cross-diffusion system arising in image denosing},
    author={Gonzalo Galiano and Juli{\'a}n Velasco},
    year={2017},
    eprint={1703.02487},
    archivePrefix={arXiv},
    primaryClass={math.AP}
}

@misc{emerson2017posteriori,
    title={A Posteriori Error Estimators for the Frank-Oseen Model of Liquid Crystals},
    author={D. B. Emerson},
    year={2017},
    eprint={1709.06157},
    archivePrefix={arXiv},
    primaryClass={math.NA}
}

@misc{charnyi2017efficient,
    title={Efficient discretizations for the EMAC formulation of the incompressible Navier-Stokes equations},
    author={Sergey Charnyi and Timo Heister and Maxim A. Olshanskii and Leo G. Rebholz},
    year={2017},
    eprint={1712.00857},
    archivePrefix={arXiv},
    primaryClass={math.NA}
}


@misc{berselli2017spatial,
    title={Spatial Filtering for Reduced Order Modeling},
    author={L. C. Berselli and D. Wells and X. Xie and T. Iliescu},
    year={2017},
    eprint={1707.04133},
    archivePrefix={arXiv},
    primaryClass={math.NA}
}

@misc{bonito2017priori,
    title={A Priori Error Estimates for Finite Element Approximations to Eigenvalues and Eigenfunctions of the Laplace-Beltrami Operator},
    author={Andrea Bonito and Alan Demlow and Justin Owen},
    year={2017},
    eprint={1801.00197},
    archivePrefix={arXiv},
    primaryClass={math.NA}
}



@article{Zheng2017,
  doi = {10.1016/j.pnucene.2017.06.001},
  url = {https://doi.org/10.1016/j.pnucene.2017.06.001},
  year = {2017},
  month = nov,
  publisher = {Elsevier {BV}},
  volume = {101},
  pages = {394--400},
  author = {Weixiong Zheng and Ryan G. McClarren},
  title = {Accurate least-squares $P_N$ scaling based on problem optical thickness for solving neutron transport problems},
  journal = {Progress in Nuclear Energy}
}

@article{Zhang2017,
  doi = {10.1115/1.4036999},
  url = {https://doi.org/10.1115/1.4036999},
  year = {2017},
  month = jun,
  publisher = {{ASME} International},
  volume = {139},
  number = {8},
  author = {Shanglong Zhang and Juli{\'{a}}n A. Norato},
  title = {Optimal Design of Panel Reinforcements With Ribs Made of Plates},
  journal = {Journal of Mechanical Design}
}

@article{Zhang2017a,
  doi = {10.1016/j.cma.2017.06.025},
  url = {https://doi.org/10.1016/j.cma.2017.06.025},
  year = {2017},
  month = oct,
  publisher = {Elsevier {BV}},
  volume = {325},
  pages = {1--21},
  author = {Shanglong Zhang and Arun L. Gain and Juli{\'{a}}n A. Norato},
  title = {Stress-based topology optimization with discrete geometric components},
  journal = {Computer Methods in Applied Mechanics and Engineering}
}

@article{Yu2017,
  doi = {10.1016/j.compfluid.2017.08.016},
  url = {https://doi.org/10.1016/j.compfluid.2017.08.016},
  year = {2017},
  month = oct,
  publisher = {Elsevier {BV}},
  volume = {156},
  pages = {470--484},
  author = {Shengjiao Yu and Jian Cheng and Huiqiang Yue and Tiegang Liu},
  title = {A residual-based h-adaptive reconstructed discontinuous Galerkin method for the compressible Euler equations on unstructured grids},
  journal = {Computers {\&} Fluids}
}

@phdthesis{wilmers,
  doi = {10.15480/882.1438},
  url = {https://tubdok.tub.tuhh.de/handle/11420/1441},
  author = {Wilmers,  Jana},
  keywords = {600: Technik,  600},
  language = {en},
  title = {Multiphysically coupled modelling of polymer-based materials},
  publisher = {TUHH Universit\"{a}tsbibliothek},
  year = {2017}
}

@article{Garikipati2017,
  doi = {10.1016/j.jmps.2016.11.013},
  url = {https://doi.org/10.1016/j.jmps.2016.11.013},
  year = {2017},
  month = feb,
  publisher = {Elsevier {BV}},
  volume = {99},
  pages = {192--210},
  author = {Krishna Garikipati},
  title = {Perspectives on the mathematics of biological patterning and morphogenesis},
  journal = {Journal of the Mechanics and Physics of Solids}
}

@article{Seydel2017,
  doi = {10.1088/1361-6420/aa8d91},
  url = {https://doi.org/10.1088/1361-6420/aa8d91},
  year = {2017},
  month = nov,
  publisher = {{IOP} Publishing},
  volume = {33},
  number = {12},
  pages = {124004},
  author = {Julia Seydel and Thomas Schuster},
  title = {Identifying the stored energy of a hyperelastic structure by using an attenuated Landweber method},
  journal = {Inverse Problems}
}

@inproceedings{Santos2017,
  doi = {10.20906/cps/cilamce2017-0712},
  url = {https://doi.org/10.20906/cps/cilamce2017-0712},
  year = {2017},
  publisher = {{ABMEC} Brazilian Association of Computational Methods in Engineering},
  author = {T{\'{u}}lio Ligneul Santos and Alvaro Luiz Gayoso de Azeredo Coutinho},
  title = {A continuous finite element approach to the well-balanced shallow water equations},
  booktitle = {Proceedings of the {XXXVIII} Iberian Latin American Congress on Computational Methods in Engineering}
}

@incollection{Russ2017,
  doi = {10.1007/978-3-319-54735-0_8},
  url = {https://doi.org/10.1007/978-3-319-54735-0_8},
  year = {2017},
  publisher = {Springer International Publishing},
  pages = {71--82},
  author = {Jonathan B. Russ and Benjamin R. Pacini},
  title = {Empirically-Derived,  Constitutive Damping Model for Cellular Silicone},
  booktitle = {Shock {\&} Vibration,  Aircraft/Aerospace,  Energy Harvesting,  Acoustics {\&} Optics,  Volume 9}
}

@article{Roland2017,
  doi = {10.1002/pamm.201710078},
  url = {https://doi.org/10.1002/pamm.201710078},
  year = {2017},
  month = dec,
  publisher = {Wiley},
  volume = {17},
  number = {1},
  pages = {217--218},
  author = {Michael Roland and Thorsten Tjardes and Bertil Bouillon and Stefan Diebels},
  title = {Personalized simulation of a bone-implant-system during a step forward},
  journal = {{PAMM}}
}

@article{https://doi.org/10.13140/rg.2.2.23244.10884,
  doi = {10.13140/RG.2.2.23244.10884},
  url = {http://rgdoi.net/10.13140/RG.2.2.23244.10884},
  author = {{Pratik Rai}},
  title = {Adjoint-based error estimation and mesh adaptivity for stationary fluid-structure interaction},
  publisher = {Unpublished},
  year = {2017}
}

@article{Porcelli2017,
  doi = {10.1016/j.camwa.2017.04.033},
  url = {https://doi.org/10.1016/j.camwa.2017.04.033},
  year = {2017},
  month = sep,
  publisher = {Elsevier {BV}},
  volume = {74},
  number = {5},
  pages = {1059--1075},
  author = {Margherita Porcelli and Valeria Simoncini and Martin Stoll},
  title = {Preconditioning {PDE}-constrained optimization with L1-sparsity and control constraints},
  journal = {Computers {\&} Mathematics with Applications}
}

@article{Na2017,
  doi = {10.1002/2016jb013374},
  url = {https://doi.org/10.1002/2016jb013374},
  year = {2017},
  month = aug,
  publisher = {American Geophysical Union ({AGU})},
  volume = {122},
  number = {8},
  pages = {6202--6230},
  author = {SeonHong Na and WaiChing Sun and Mathew D. Ingraham and Hongkyu Yoon},
  title = {Effects of spatial heterogeneity and material anisotropy on the fracture pattern and macroscopic effective toughness of Mancos Shale in Brazilian tests},
  journal = {Journal of Geophysical Research: Solid Earth}
}

@article{Mehnert2017,
  doi = {10.1177/1081286517729867},
  url = {https://doi.org/10.1177/1081286517729867},
  year = {2017},
  month = sep,
  publisher = {{SAGE} Publications},
  volume = {22},
  number = {11},
  pages = {2196--2213},
  author = {Markus Mehnert and Jean-Paul Pelteret and Paul Steinmann},
  title = {Numerical modelling of nonlinear thermo-electro-elasticity},
  journal = {Mathematics and Mechanics of Solids}
}

@article{Maier2017,
  doi = {10.1021/acsphotonics.7b01094},
  url = {https://doi.org/10.1021/acsphotonics.7b01094},
  year = {2017},
  month = dec,
  publisher = {American Chemical Society ({ACS})},
  volume = {5},
  number = {2},
  pages = {544--551},
  author = {Matthias Maier and Andrei Nemilentsau and Tony Low and Mitchell Luskin},
  title = {Ultracompact Amplitude Modulator by Coupling Hyperbolic Polaritons over a Graphene-Covered Gap},
  journal = {{ACS} Photonics}
}

@article{Lovelace2017,
  doi = {10.1088/1361-6382/aa9ccc},
  url = {https://doi.org/10.1088/1361-6382/aa9ccc},
  year = {2017},
  month = dec,
  publisher = {{IOP} Publishing},
  volume = {35},
  number = {2},
  pages = {025017},
  author = {Geoffrey Lovelace and Nicholas Demos and Haroon Khan},
  title = {Numerically modeling Brownian thermal noise in amorphous and crystalline thin coatings},
  journal = {Classical and Quantum Gravity}
}

@article{Liu2017,
  doi = {10.1016/j.camss.2017.07.005},
  url = {https://doi.org/10.1016/j.camss.2017.07.005},
  year = {2017},
  month = aug,
  publisher = {Springer Nature},
  volume = {30},
  number = {4},
  pages = {374--389},
  author = {Jun Liu and Choon Chiang Foo and Zhi-Qian Zhang},
  title = {A 3D multi-field element for simulating the electromechanical coupling behavior of dielectric elastomers},
  journal = {Acta Mechanica Solida Sinica}
}

@article{Liu2017a,
  doi = {10.1126/sciadv.1701872},
  url = {https://doi.org/10.1126/sciadv.1701872},
  year = {2017},
  month = nov,
  publisher = {American Association for the Advancement of Science ({AAAS})},
  volume = {3},
  number = {11},
  pages = {e1701872},
  author = {Boda Liu and Yan Liang},
  title = {The prevalence of kilometer-scale heterogeneity in the source region of {MORB} upper mantle},
  journal = {Science Advances}
}

@inproceedings{Li2017,
  doi = {10.1109/cit.2017.22},
  url = {https://doi.org/10.1109/cit.2017.22},
  year = {2017},
  month = aug,
  publisher = {{IEEE}},
  author = {Hao Li and Xiaoguang Ren and Yufei Lin and Yuhua Tang and Shuai Ye},
  title = {Practical Performance Models for High-Order {CFD} Simulation},
  booktitle = {2017 {IEEE} International Conference on Computer and Information Technology ({CIT})}
}

@article{Kynch2017,
  doi = {10.1016/j.compstruc.2016.05.021},
  url = {https://doi.org/10.1016/j.compstruc.2016.05.021},
  year = {2017},
  month = mar,
  publisher = {Elsevier {BV}},
  volume = {181},
  pages = {41--54},
  author = {R.M. Kynch and P.D. Ledger},
  title = {Resolving the sign conflict problem for hp-hexahedral N{\'{e}}d{\'{e}}lec elements with application to eddy current problems},
  journal = {Computers {\&} Structures}
}

@article{Krmer2017,
  doi = {10.1103/physreve.95.023305},
  url = {https://doi.org/10.1103/physreve.95.023305},
  year = {2017},
  month = feb,
  publisher = {American Physical Society ({APS})},
  volume = {95},
  number = {2},
  author = {Andreas Kr\"{a}mer and Knut K\"{u}llmer and Dirk Reith and Wolfgang Joppich and Holger Foysi},
  title = {Semi-Lagrangian off-lattice Boltzmann method for weakly compressible flows},
  journal = {Physical Review E}
}

@article{Konzen2017,
  doi = {10.5540/tema.2017.018.02.0287},
  url = {https://doi.org/10.5540/tema.2017.018.02.0287},
  year = {2017},
  month = aug,
  publisher = {Brazilian Society for Computational and Applied Mathematics ({SBMAC})},
  volume = {18},
  number = {2},
  pages = {0287},
  author = {Pedro Henrique de Almeida Konzen and F S Azevedo and E Sauter and P R A Zingano},
  title = {Numerical Simulations with the Galerkin Least Squares Finite Element Method for the Burgers' Equation on the Real Line},
  journal = {{TEMA} (S{\~{a}}o Carlos)}
}

@article{Karban2017,
  doi = {10.1007/s00202-017-0629-9},
  url = {https://doi.org/10.1007/s00202-017-0629-9},
  year = {2017},
  month = aug,
  publisher = {Springer Science and Business Media {LLC}},
  volume = {99},
  number = {4},
  pages = {1255--1261},
  author = {Pavel Karban and Ivo Dole{\v{z}}el},
  title = {Fully adaptive higher-order finite element analysis of fast transient phenomena on overhead lines},
  journal = {Electrical Engineering}
}

@article{Brisard2016,
  doi = {10.1002/nme.5263},
  url = {https://doi.org/10.1002/nme.5263},
  year = {2016},
  month = may,
  publisher = {Wiley},
  volume = {109},
  number = {4},
  pages = {459--486},
  author = {S{\'{e}}bastien Brisard},
  title = {Reconstructing displacements from the solution to the periodic Lippmann-Schwinger equation discretized on a uniform grid},
  journal = {International Journal for Numerical Methods in Engineering}
}

@article{Hwang2017,
  doi = {10.1002/2016ea000225},
  url = {https://doi.org/10.1002/2016ea000225},
  year = {2017},
  month = nov,
  publisher = {American Geophysical Union ({AGU})},
  volume = {4},
  number = {11},
  pages = {670--680},
  author = {Lorraine Hwang and Allison Fish and Laura Soito and MacKenzie Smith and Louise H. Kellogg},
  title = {Software and the Scientist: Coding and Citation Practices in Geodynamics},
  journal = {Earth and Space Science}
}

@incollection{Hinze2017,
  doi = {10.1007/978-3-319-07236-4_1},
  url = {https://doi.org/10.1007/978-3-319-07236-4_1},
  year = {2017},
  publisher = {Springer International Publishing},
  pages = {1--37},
  author = {Michael Hinze and Martin Kunkel and Ulrich Matthes and Morten Vierling},
  title = {Model Order Reduction of Integrated Circuits in Electrical Networks},
  booktitle = {Mathematics in Industry}
}

@article{Guermond2017,
  doi = {10.1137/16m1063034},
  url = {https://doi.org/10.1137/16m1063034},
  year = {2017},
  month = jan,
  publisher = {Society for Industrial {\&} Applied Mathematics ({SIAM})},
  volume = {39},
  number = {2},
  pages = {A385--A414},
  author = {Jean-Luc Guermond and Bojan Popov and Laura Saavedra and Yong Yang},
  title = {Invariant Domains Preserving Arbitrary Lagrangian Eulerian Approximation of Hyperbolic Systems with Continuous Finite Elements},
  journal = {{SIAM} Journal on Scientific Computing}
}

@article{Ghorashi2017,
  doi = {10.1016/j.enggeo.2016.07.012},
  url = {https://doi.org/10.1016/j.enggeo.2016.07.012},
  year = {2017},
  month = jul,
  publisher = {Elsevier {BV}},
  volume = {225},
  pages = {103--113},
  author = {S.Sh. Ghorashi and T. Lahmer and A.S. Bagherzadeh and G. Zi and T. Rabczuk},
  title = {A stochastic computational method based on goal-oriented error estimation for heterogeneous geological materials},
  journal = {Engineering Geology}
}

@article{Fu2017,
  doi = {10.1016/j.epsl.2017.07.053},
  url = {https://doi.org/10.1016/j.epsl.2017.07.053},
  year = {2017},
  month = oct,
  publisher = {Elsevier {BV}},
  volume = {476},
  pages = {153--164},
  author = {Roger R. Fu and Anton I. Ermakov and Simone Marchi and Julie C. Castillo-Rogez and Carol A. Raymond and Bradford H. Hager and Maria T. Zuber and Scott D. King and Michael T. Bland and Maria Cristina De Sanctis and Frank Preusker and Ryan S. Park and Christopher T. Russell},
  title = {The interior structure of Ceres as revealed by surface topography},
  journal = {Earth and Planetary Science Letters}
}

@article{Endtmayer2017,
  doi = {10.1515/cmam-2017-0001},
  url = {https://doi.org/10.1515/cmam-2017-0001},
  year = {2017},
  month = jan,
  publisher = {Walter de Gruyter {GmbH}},
  volume = {17},
  number = {4},
  author = {Bernhard Endtmayer and Thomas Wick},
  title = {A Partition-of-Unity Dual-Weighted Residual Approach for Multi-Objective Goal Functional Error Estimation Applied to Elliptic Problems},
  journal = {Computational Methods in Applied Mathematics}
}

@article{Thieulot2017,
  doi = {10.5194/se-8-1181-2017},
  url = {https://doi.org/10.5194/se-8-1181-2017},
  year = {2017},
  month = nov,
  publisher = {Copernicus {GmbH}},
  volume = {8},
  number = {6},
  pages = {1181--1191},
  author = {Cedric Thieulot},
  title = {Analytical solution for viscous incompressible Stokes flow in a spherical shell},
  journal = {Solid Earth}
}

@article{Dhillon2017,
  doi = {10.1007/s11538-017-0255-8},
  url = {https://doi.org/10.1007/s11538-017-0255-8},
  year = {2017},
  month = feb,
  publisher = {Springer Science and Business Media {LLC}},
  volume = {79},
  number = {4},
  pages = {788--827},
  author = {Daljit Singh J. Dhillon and Michel C. Milinkovitch and Matthias Zwicker},
  title = {Bifurcation Analysis of Reaction Diffusion Systems on Arbitrary Surfaces},
  journal = {Bulletin of Mathematical Biology}
}

@article{Harmon2016,
  doi = {10.1016/j.jcp.2016.08.026},
  url = {https://doi.org/10.1016/j.jcp.2016.08.026},
  year = {2016},
  month = dec,
  publisher = {Elsevier {BV}},
  volume = {327},
  pages = {140--167},
  author = {Michael Harmon and Irene M. Gamba and Kui Ren},
  title = {Numerical algorithms based on Galerkin methods for the modeling of reactive interfaces in photoelectrochemical ({PEC}) solar cells},
  journal = {Journal of Computational Physics}
}

@article{Carraro2018,
  doi = {10.1016/j.nonrwa.2018.04.008},
  url = {https://doi.org/10.1016/j.nonrwa.2018.04.008},
  year = {2018},
  month = dec,
  publisher = {Elsevier {BV}},
  volume = {44},
  pages = {149--172},
  author = {Thomas Carraro and Eduard Maru{\v{s}}i{\'{c}}-Paloka and Andro Mikeli{\'{c}}},
  title = {Effective pressure boundary condition for the filtration through porous medium via homogenization},
  journal = {Nonlinear Analysis: Real World Applications}
}

@article{Cajuhi2017,
  doi = {10.1007/s00466-017-1459-3},
  url = {https://doi.org/10.1007/s00466-017-1459-3},
  year = {2017},
  month = aug,
  publisher = {Springer Nature},
  volume = {61},
  number = {3},
  pages = {299--318},
  author = {T. Cajuhi and L. Sanavia and L. De Lorenzis},
  title = {Phase-field modeling of fracture in variably saturated porous media},
  journal = {Computational Mechanics}
}

@inproceedings{Narayanan2017,
  doi = {10.1109/ipdpsw.2017.160},
  url = {https://doi.org/10.1109/ipdpsw.2017.160},
  year = {2017},
  month = may,
  publisher = {{IEEE}},
  author = {Ramachandran Kodanganallur Narayanan and Kamesh Madduri},
  title = {Parallel Particle-in-Cell Performance Optimization: A Case Study of Electrospray Simulation},
  booktitle = {2017 {IEEE} International Parallel and Distributed Processing Symposium Workshops ({IPDPSW})}
}

@article{Brger2017,
  doi = {10.1016/j.camwa.2017.06.019},
  url = {https://doi.org/10.1016/j.camwa.2017.06.019},
  year = {2017},
  month = sep,
  publisher = {Elsevier {BV}},
  volume = {74},
  number = {6},
  pages = {1288--1310},
  author = {Raimund B\"{u}rger and Sudarshan Kumar Kenettinkara and David Zor{\'{i}}o},
  title = {Approximate Lax-Wendroff discontinuous Galerkin methods for hyperbolic conservation laws},
  journal = {Computers {\&} Mathematics with Applications}
}

@article{vila2017,
  doi = {10.1016/j.apnum.2017.06.013},
  url = {https://doi.org/10.1016/j.apnum.2017.06.013},
  year = {2017},
  month = nov,
  publisher = {Elsevier {BV}},
  volume = {121},
  pages = {149--169},
  author = {A.I. {\'{A}}vila and A. Meister and M. Steigemann},
  title = {An adaptive Galerkin method for the time-dependent complex Schr\"{o}dinger equation},
  journal = {Applied Numerical Mathematics}
}

@inproceedings{Aristotelous2017,
  doi = {10.1063/1.5007418},
  url = {https://doi.org/10.1063/1.5007418},
  year = {2017},
  booktitle = {AIP Conference Proceedings, volume 1895},
  author = {A. C. Aristotelous and N. C. Papanicolaou},
  title = {A numerical study of biofilm growth in a microgravity environment}
}

@article{Aizinger2017,
  doi = {10.1002/fld.4360},
  url = {https://doi.org/10.1002/fld.4360},
  year = {2017},
  month = jan,
  publisher = {Wiley},
  volume = {84},
  number = {9},
  pages = {543--565},
  author = {Vadym Aizinger and Adam Kos{\'{i}}k and Dmitri Kuzmin and Balthasar Reuter},
  title = {Anisotropic slope limiting for discontinuous Galerkin methods},
  journal = {International Journal for Numerical Methods in Fluids}
}

@article{Mohebujjaman2017,
  doi = {10.1515/cmam-2016-0033},
  url = {https://doi.org/10.1515/cmam-2016-0033},
  year = {2017},
  month = jan,
  publisher = {Walter de Gruyter {GmbH}},
  volume = {17},
  number = {1},
  author = {Muhammad Mohebujjaman and Leo G. Rebholz},
  title = {An Efficient Algorithm for Computation of {MHD} Flow Ensembles},
  journal = {Computational Methods in Applied Mathematics}
}

@TechReport{MOHEBUJJAMANensemble,
 author = {Mohebujjaman, M.},
 year = {2017},
 title = {High-order efficient algorithms for computation of {MHD} flow ensemble},
 institution = {Virginia Tech},
 url = {https://www.researchgate.net/profile/Muhammad_Mohebujjaman/publication/327449710_HIGH_ORDER_EFFICIENT_ALGORITHM_FOR_COMPUTATION_OF_MHD_FLOW_ENSEMBLE/links/5b903a08a6fdcce8a4c3548d/HIGH-ORDER-EFFICIENT-ALGORITHM-FOR-COMPUTATION-OF-MHD-FLOW-ENSEMBLE.pdf}
}

@mastersthesis{2017_116,
   author  = {A. Str\"{o}m},
   title   = {Preconditioned iterative methods for PDE-constrained optimization problems with pointwise state constraints},
   year    = {2017},
   school  = {Uppsala University, Sweden},
   url     = {http://www.diva-portal.org/smash/record.jsf?pid=diva2%3A1081649&dswid=292}
}

@article{2017_0,
   author  = {J. H. Adler and D. B. Emerson and P. E. Farrell and S. P. MacLachlan},
   title   = {Combining Deflation and Nested Iteration for Computing Multiple Solutions of Nonlinear Variational Problems},
   journal = {SIAM J. Sci. Comput., issue 1, B29-B52},
   year    = {2017},
   volume  = {39},
   pages   = {},
   url     = {http://epubs.siam.org/doi/abs/10.1137/16M1058728},
   doi     = {}
}

@article{2017_1,
   author  = {R. Agelek and M. Anderson and W. Bangerth and W. L. Barth},
   title   = {On orienting edges of unstructured two- and three-dimensional meshes},
   journal = {ACM Transactions on Mathematical Software, article 5},
   year    = {2017},
   volume  = {44},
   pages   = {},
   url     = {},
   doi     = {}
}

@article{2017_2,
   author  = {T. Almani and S. Lee and M. F. Wheeler and T. Wick},
   title   = {Multirate coupling for flow and geomechanics applied to hydraulic fracturing using an adaptive phase-field technique},
   journal = {SPE RSC 182610-MS, Feb. 2017, Montgomery, Texas, USA},
   year    = {2017},
   volume  = {},
   pages   = {},
   url     = {},
   doi     = {}
}

@article{AraujoCabarcas2017,
  doi = {10.1016/j.camwa.2017.07.020},
  url = {https://doi.org/10.1016/j.camwa.2017.07.020},
  year = {2017},
  month = nov,
  publisher = {Elsevier {BV}},
  volume = {74},
  number = {10},
  pages = {2385--2402},
  author = {Ara\'{u}jo, Juan C. and Engstr\"{o}m, Christian},
  title = {On spurious solutions in finite element approximations of resonances in open systems},
  journal = {Computers {\&} Mathematics with Applications}
}

@article{Arbogast2017,
  doi = {10.1137/16m1091095},
  url = {https://doi.org/10.1137/16m1091095},
  year = {2017},
  month = jan,
  publisher = {Society for Industrial {\&} Applied Mathematics ({SIAM})},
  volume = {39},
  number = {2},
  pages = {B375--B402},
  author = {Todd Arbogast and Marc A. Hesse and Abraham L. Taicher},
  title = {Mixed Methods for Two-Phase Darcy--Stokes Mixtures of Partially Melted Materials with Regions of Zero Porosity},
  journal = {{SIAM} Journal on Scientific Computing}
}

@article{Ballani2017,
  doi = {10.1007/s40072-017-0092-7},
  url = {https://doi.org/10.1007/s40072-017-0092-7},
  year = {2017},
  month = feb,
  publisher = {Springer Science and Business Media {LLC}},
  volume = {5},
  number = {3},
  pages = {400--427},
  author = {Jonas Ballani and Daniel Kressner and Michael D. Peters},
  title = {Multilevel tensor approximation of {PDEs} with random data},
  journal = {Stochastics and Partial Differential Equations: Analysis and Computations}
}


@article{2017_4,
   author  = {T. Arbogast and M. A. Hesse and A. L. Taicher},
   title   = {Mixed Methods for Two-Phase Darcy--Stokes Mixtures of Partially Melted Materials with Regions of Zero Porosity},
   journal = {SIAM Journal on Scientific Computing},
   year    = {2017},
   volume  = {39},
   pages   = {B375-B402},
   url     = {http://epubs.siam.org/doi/abs/10.1137/16M1091095},
   doi     = {}
}

@article{2017_5,
   author  = {D. Arndt and W. Bangerth and D. Davydov and T. Heister and L. Heltai and M. Kronbichler and M. Maier and B. Turcksin and D. Wells},
   title   = {The \texttt{deal.II} Library, Version 8.5},
   journal = {Journal of Numerical Mathematics},
   year    = {2017},
   volume  = {25},
   pages   = {137--146},
   url     = {},
   doi     = {10.1515/jnma-2017-0058}
}

@article{2017_6,
   author  = {J. Austermann and J. X. Mitrovica and P. Huybers and A. Rovere},
   title   = {Detection of a dynamic topography signal in last interglacial sea-level records},
   journal = {Science Advances},
   year    = {2017},
   volume  = {3},
   pages   = {e1700457},
   url     = {http://advances.sciencemag.org/lookup/doi/10.1126/sciadv.1700457},
   doi     = {10.1126/sciadv.1700457}
}

@article{2017_7,
   author  = {O. Axelsson and S. Farouq and M. Neytcheva},
   title   = {A preconditioner for optimal control problems, constrained by Stokes equation with a time-harmonic control},
   journal = {Journal of Computational and Applied Mathematics},
   year    = {2017},
   volume  = {310},
   pages   = {5--18},
   url     = {http://www.sciencedirect.com/science/article/pii/S0377042716302631},
   doi     = {}
}

@article{2017_8,
   author  = {H. Badnava and E. Etemadi and M. A. Msekh},
   title   = {A Phase Field Model for Rate-Dependent Ductile Fracture},
   journal = {Metals, article 180},
   year    = {2017},
   volume  = {7},
   pages   = {},
   url     = {http://www.mdpi.com/2075-4701/7/5/180/htm},
   doi     = {}
}

@article{2017_10,
   author  = {A. Basak and V. I. Levitas},
   title   = {Interfacial stresses within boundary between martensitic variants: Analytical and numerical finite strain solutions for three phase field models},
   journal = {Acta Materialia},
   year    = {2017},
   volume  = {139},
   pages   = {174--187},
   url     = {},
   doi     = {}
}

@article{2017_11,
   author  = {M. Bause and F. A. Radu and U. K\"{o}cher},
   title   = {Space-time finite element approximation of the Biot poroelasticity system with iterative coupling},
   journal = {Comput. Meth. Appl. Mech. Engrg.},
   year    = {2017},
   volume  = {320},
   pages   = {745--768},
   url     = {https://www.sciencedirect.com/science/article/pii/S0045782516316164?via%3Dihub},
   doi     = {}
}

@article{2017_12,
   author  = {M. Bause and F. Radu and U. K\"{o}cher},
   title   = {Error analysis for discretizations of parabolic problems using continuous finite elements in time and mixed finite elements in space},
   journal = {Numerische Mathematik},
   year    = {2017},
   volume  = {137},
   pages   = {773--818},
   url     = {https://link.springer.com/article/10.1007%2Fs00211-017-0894-6},
   doi     = {10.1007/s00211-017-0894-6}
}

@article{2017_14,
   author  = {D. Biermann and H. Blum and I. Iovkov and A. Rademacher and K. Rosin and F.-T. Suttmeier},
   title   = {Modelling, Simulation and Compensation of Thermomechanically Induced Deviations in Deep-Hole Drilling with Minimum Quantity Lubrication},
   journal = {In: Biermann D., Hollmann F. (eds): Thermal Effects in Complex Machining Processes. Lecture Notes in Production Engineering. Springer},
   year    = {2017},
   volume  = {},
   pages   = {181--218},
   url     = {https://doi.org/10.1007/978-3-319-57120-1_10},
   doi     = {10.1007/978-3-319-57120-1_10}
}

@article{2017_15,
   author  = {E. Bonetti and C. Cavaterra and F. Freddi and M. Grasselli and R. Natalini},
   title   = {A nonlinear model for marble sulphation including surface rugosity: theoretical and numerical results},
   journal = {arXiv:1710.01225},
   year    = {2017},
   volume  = {},
   pages   = {},
   url     = {},
   doi     = {}
}

@article{2017_16,
   author  = {E. Bonetti and F. Freddi and A. Segatti},
   title   = {An existence result for a model of complete damage in elastic materials with reversible evolution},
   journal = {Continuum Mechanics and Thermodynamics, issue 1},
   year    = {2017},
   volume  = {29},
   pages   = {31--50},
   url     = {https://link.springer.com/article/10.1007/s00161-016-0520-3},
   doi     = {}
}

@mastersthesis{2017_17,
   author  = {P. Br\"{a}uer},
   title   = {Reduced-Order modeling for transient thermoelasticity with moving sources using global-local bases},
   year    = {2017},
   school  = {Friedrich-Alexander-Universit\"{a}t Erlangen-N\"{u}rnberg},
   url     = {}
}

@article{2017_18,
   author  = {E. Bredow and B. Steinberger and R. Gassm\"{o}ller and J. Dannberg},
   title   = {How plume-ridge interaction shapes the crustal thickness pattern of the R\'{e}union hotspot track},
   journal = {Geochem. Geophys. Geosyst.},
   year    = {2017},
   volume  = {18},
   pages   = {},
   url     = {},
   doi     = {10.1002/2017GC006875}
}

@article{2017_19,
   author  = {S. Brisard},
   title   = {Reconstructing displacements from the solution to the periodic Lippmann--Schwinger equation discretized on a uniform grid},
   journal = {International Journal for Numerical Methods in Engineering, issue 4},
   year    = {2017},
   volume  = {109},
   pages   = {459--486},
   url     = {http://onlinelibrary.wiley.com/doi/10.1002/nme.5263/full},
   doi     = {}
}

@article{2017_20,
   author  = {G. Bucci and T. Swamy and Y.-M. Chiang and W. C. Carter},
   title   = {Modeling of internal mechanical failure of all-solid-state batteries during electrochemical cycling, and implications for battery design},
   journal = {Journals of Materials Chemistry A},
   year    = {2017},
   volume  = {5},
   pages   = {},
   url     = {},
   doi     = {}
}

@article{2017_22,
   author  = {T. Carraro and C. Goll},
   title   = {A Goal-Oriented Error Estimator for a Class of Homogenization Problems},
   journal = {Journal of Scientific Computing, issue 3},
   year    = {2017},
   volume  = {71},
   pages   = {1169--1196},
   url     = {https://link.springer.com/article/10.1007/s10915-016-0338-y},
   doi     = {}
}

@article{2017_23,
   author  = {A. Carre{\~{n}}o and A. Vidal-Ferrandiz and D. Ginestar and G. Verd\'{u}},
   title   = {Multilevel method to compute the lambda modes of the neutron diffusion equation},
   journal = {Applied Mathematics and Nonlinear Sciences},
   year    = {2017},
   volume  = {2},
   pages   = {225--236},
   url     = {},
   doi     = {}
}

@article{2017_24,
   author  = {S. Charnyi and T. Heister and M. A. Olshanskii and L. G. Rebholz},
   title   = {On conservation laws of Navier-Stokes Galerkin discretizations},
   journal = {Journal of Computational Physics},
   year    = {2017},
   volume  = {337},
   pages   = {289--308},
   url     = {http://www.sciencedirect.com/science/article/pii/S002199911730133X},
   doi     = {}
}

@phdthesis{2017_25,
   author  = {H.-C. Chu},
   title   = {Application of the fictitious domain method to flow problems with complex geometries},
   year    = {2017},
   school  = {Texas A\&M University},
   url     = {}
}


@article{2017_27,
  doi = {10.1002/2017gc006944},
  url = {https://doi.org/10.1002/2017gc006944},
  year = {2017},
  month = aug,
  publisher = {American Geophysical Union ({AGU})},
  volume = {18},
  number = {8},
  pages = {3034--3061},
  author = {J. Dannberg and Z. Eilon and Ulrich Faul and Rene Gassm\"{o}ller and Pritwiraj Moulik and Robert Myhill},
  title = {The importance of grain size to mantle dynamics and seismological observations},
  journal = {Geochemistry,  Geophysics,  Geosystems}
}

@mastersthesis{2017_28,
   author  = {K. David},
   title   = {Multi-patch Discontinuous Galerkin Isogeometric Analysis for Porous Media Flow},
   year    = {2017},
   school  = {Delft University of Technology, Delft, Netherlands },
   url     = {http://repository.tudelft.nl/islandora/object/uuid:85dfa311-2926-4390-a91b-876141e607e0/datastream/OBJ/view}
}

@Article{2017_29,
  author    = {Denis Davydov and Tymofiy Gerasimov and Jean-Paul Pelteret and Paul Steinmann},
  title     = {Convergence study of the h-adaptive {PUM} and the hp-adaptive {FEM} applied to eigenvalue problems in quantum mechanics},
  journal   = {Advanced Modeling and Simulation in Engineering Sciences},
  year      = {2017},
  volume    = {4},
  number    = {1},
  pages     = {2213--7467},
  month     = {dec},
  doi       = {10.1186/s40323-017-0093-0},
  publisher = {Springer Nature},
}

@article{Deolmi2017,
  doi = {10.4208/cicp.oa-2016-0015},
  url = {https://doi.org/10.4208/cicp.oa-2016-0015},
  year = {2017},
  month = feb,
  publisher = {Global Science Press},
  volume = {21},
  number = {2},
  pages = {358--400},
  author = {Giulia Deolmi and Wolfgang Dahmen and Siegfried M\"{u}ller},
  title = {Effective Boundary Conditions: A General Strategy and Application to Compressible Flows Over Rough Boundaries},
  journal = {Communications in Computational Physics}
}

@phdthesis{2017_31,
   author  = {A. M. De Villiers},
   title   = {A patient-specific FSI model for vascular access in haemodialysis},
   year    = {2017},
   school  = {University of Cape Town},
   url     = {http://hdl.handle.net/11427/24441}
}

@article{2017_33,
   author  = {S. DeWitt and E. L. S. Solomon and A. R. Natarajan and V. Araulio-Peters and S. Rudrajaru and L. K. Aegesen and B. Puchala and E. A. Marquis and A. van der Ven and K. Thornton and J. E. Allison},
   title   = {Misfit-driven {\ss}''' precipitate composition and morphology in Mg-Nd alloys},
   journal = {Acta Materialia},
   year    = {2017},
   volume  = {136},
   pages   = {378--389},
   doi = {10.1016/j.actamat.2017.06.053}
}

@article{2017_34,
   author  = {M. Diehl},
   title   = {Review and outlook: Mechanical, thermodynamic, and kinetic continuum modeling of metallic materials at the grain scale},
   journal = {MRS Communications},
   year    = {2017},
   volume  = {7},
   pages   = {735--746},
   url     = {},
   doi     = {10.1557/mrc.2017.98}
}

@mastersthesis{2017_35,
   author  = {T. Dockhorn},
   title   = {Turbulence modeling for large eddy simulation of incompressible flows using high-order discontinuous Galerkin methods},
   year    = {2017},
   school  = {Technical University of Munich},
   note    = {Bachelor's thesis},
   url     = {}
}

@phdthesis{2017_36,
   author  = {B. S. M. Ebna Hai},
   title   = {Finite Element Approximation of Ultrasonic Wave Propagation under Fluid-Structure Interaction for Structural Health Monitoring Systems},
   year    = {2017},
   school  = {Helmut Schmidt University-University of the Federal Armed Forces Hambur, Germany},
   url     = {}
}

@article{2017_37,
   author  = {B. S. M. Ebna Hai and M. Bause},
   title   = {Mathematical Modelling and Numerical Simulation of the On-line Structural Health Monitoring System},
   journal = {In proceedings of: the 11 th International Workshop on Structural Health Monitoring, Structural Health Monitoring 2017, Sept 12--14, Stanford University, CA, USA. In: F-K. Chang and F. Kopsaftopoulos (Ed.), ``Structural Health Monitoring 2017: Real-Time Material State Awareness and Data-Driven Safety Assurance.''},
   year    = {2017},
   volume  = {},
   pages   = {},
   url     = {},
   doi     = {}
}

@article{2017_38,
   author  = {B. S. M. Ebna Hai and M. Bause},
   title   = {Finite Element Approximation of Fluid-Structure Interaction (FSI) Problem with Coupled Wave Propagation},
   journal = {In proceedings of: the 88 th GAMM Annual Meeting of the International Association of Applied Mathematics and Mechanics, March 6--10, Weimar, Germany. In: PAMM - Proceedings in Applied Mathematics and Mechanics},
   year    = {2017},
   volume  = {},
   pages   = {},
   url     = {},
   doi     = {}
}

@article{2017_40,
   author  = {V. J. Ervin and H. Lee and J. Ruiz-Ramirez},
   title   = {Nonlinear Darcy fluid flow with deposition},
   journal = {Journal of Computational and Applied Mathematics},
   year    = {2017},
   volume  = {309},
   pages   = {79--94},
   url     = {http://www.sciencedirect.com/science/article/pii/S0377042716302977},
   doi     = {}
}

@article{2017_41,
   author  = {N. Fehn and W. A. Wall and M. Kronbichler},
   title   = {On the stability of projection methods for the incompressible Navier-Stokes equations based on high-order discontinuous Galerkin discretizations},
   journal = {Journal of Computational Physics},
   year    = {2017},
   volume  = {351},
   pages   = {392--421},
   url     = {},
   doi     = {}
}

@article{2017_42,
   author  = {D. M. Fernandez Becerra and A. Akbarzadeh-Sharbaf and D. Giannacopoulos},
   title   = {Solving Finite-Element Time-Domain Problems with GaBP},
   journal = {IEEE Transactions on Magnetics PP(99):1-1},
   year    = {2017},
   volume  = {},
   pages   = {},
   url     = {},
   doi     = {}
}

@article{2017_43,
   author  = {F. Freddi and F. Iurlano},
   title   = {Numerical insight of a variational smeared approach to cohesive fracture},
   journal = {Journal of the Mechanics and Physics of Solids},
   year    = {2017},
   volume  = {98},
   pages   = {156--171},
   url     = {http://www.sciencedirect.com/science/article/pii/S0022509616304860},
   doi     = {}
}

@mastersthesis{2017_44,
   author  = {A. Fuchs},
   title   = {Hermite-artige Basisfunktionen f\"{u}r diskontinuierliche Galerkin-Verfahren hoher Ordnung},
   year    = {2017},
   school  = {Technical University of Munich},
   note    = {Bachelor's thesis},
   url     = {}
}

@PhdThesis{2017_45,
  author = {J. P. Gallego-Valencia},
  title  = {On Runge-Kutta discontinuous Galerkin methods for compressible Euler equations and the ideal magneto-hydrodynamic model},
  school = {University of W\"{u}rzburg, Germany},
  year   = {2017},
  url    = {https://www.researchgate.net/profile/Juan_Gallego-Valencia/publication/317093976_On_Runge-Kutta_discontinuous_Galerkin_methods_for_compressible_Euler_equations_and_the_ideal_magneto-hydrodynamical_model/links/592978060f7e9b9979a686c2/On-Runge-Kutta-discontinuous-Galerkin-methods-for-compressible-Euler-equations-and-the-ideal-magneto-hydrodynamical-model.pdf},
}

@phdthesis{2017_48,
   author  = {A. Ghesmati},
   title   = {Residual and goal-oriented h- and hp-adaptive finite element; application for elliptic and saddle point problems},
   year    = {2017},
   school  = {Texas A\&M University},
   url     = {}
}

@article{2017_49,
   author  = {S. S. Ghorashi and T. Rabczuk},
   title   = {Goal-oriented error estimation and mesh adaptivity in 3d elastoplasticity problems},
   journal = {International Journal of Fracture, issue 1},
   year    = {2017},
   volume  = {203},
   pages   = {3--19},
   url     = {https://link.springer.com/article/10.1007/s10704-016-0113-y},
   doi     = {}
}

@article{2017_50,
   author  = {A. Glerum and C. Thieulot and M. Fraters and C. Blom and W. Spakman},
   title   = {Implementing nonlinear viscoplasticity in ASPECT: benchmarking and applications to 3D subduction modeling},
   journal = {},
   note = {Submitted},
   year    = {2017},
   volume  = {},
   pages   = {},
   url     = {https://www.solid-earth-discuss.net/se-2017-9/},
   doi     = {}
}

@mastersthesis{2017_51,
   author  = {C. Goering},
   title   = {Implicit-explicit Runge-Kutta methods for acoustics with the hybridizable discontinuous Galerkin method},
   year    = {2017},
   school  = {Technical University of Munich},
   url     = {}
}

@article{2017_52,
   author  = {C. Goering},
   title   = {Slope limiters and shock capturing for acoustics with HDG discretization},
   journal = {Term Paper, Technical University of Munich},
   year    = {2017},
   volume  = {},
   pages   = {},
   url     = {},
   doi     = {}
}

@article{2017_55,
   author  = {J.-L. Guermond and M. Quesada de Luna and T. Thompson},
   title   = {An conservative anti-diffusion technique for the level set method},
   journal = {Journal of Computational and Applied Mathematics},
   year    = {2017},
   volume  = {321},
   pages   = {448--468},
   url     = {http://www.sciencedirect.com/science/article/pii/S037704271730081X},
   doi     = {}
}

@article{2017_56,
   author  = {D. K. Gupta and G. J. van der Veen and A. M. Aragon and M. Langelaar and F. van Keulen},
   title   = {Bounds for decoupled design and analysis discretizations in topology optimization},
   journal = {International Journal for Numerical Methods in Engineering},
   year    = {2017},
   volume  = {},
   pages   = {},
   url     = {http://onlinelibrary.wiley.com/doi/10.1002/nme.5455/full},
   doi     = {},
   note    = {In press}
}

@mastersthesis{2017_57,
   author  = {S. Haider},
   title   = {Numerical analysis and comparison of high performance incompressible Navier Stokes equations solvers based on the discontinuous Galerkin Method},
   year    = {2017},
   school  = {Technical University of Munich},
   url     = {}
}

@mastersthesis{2017_58,
   author  = {C. Hanowski},
   title   = {Numerical Homogenisation of Magneto-Active Materials},
   year    = {2017},
   school  = {Friedrich-Alexander-Universit\"{a}t Erlangen-N\"{u}rnberg},
   note    = {Project thesis},
   url     = {}
}

@article{2017_59,
   author  = {Y. He and E. G. Puckett and M. I. Billen},
   title   = {A Discontinuous Galerkin Method with a Bound Preserving Limiter for the Advection of non-Diffusive Fields in Solid Earth Geodynamics},
   journal = {Physics of the Earth and Planetary Interiors},
   year    = {2017},
   volume  = {263},
   pages   = {23--37},
   url     = {http://www.sciencedirect.com/science/article/pii/S0031920116300747},
   doi     = {}
}

@article{2017_60,
   author  = {T. Heister and J. Dannberg and R. Gassm\"{o}ller and W. Bangerth},
   title   = {High Accuracy Mantle Convection Simulation through Modern Numerical Methods. II: Realistic Models and Problems},
   journal = {Geophysical Journal International},
   year    = {2017},
   volume  = {210},
   pages   = {833--851},
   url     = {https://doi.org/10.1093/gji/ggx195},
   doi     = {10.1093/gji/ggx195}
}

@article{2017_61,
   author  = {G. Jansen and R. Sohrabi and S. A. Miller},
   title   = {HULK -- Simple and fast generation of structured hexahedral meshes for improved subsurface simulations},
   journal = {Computers \& Geoscience},
   year    = {2017},
   volume  = {99},
   pages   = {159--170},
   url     = {http://www.sciencedirect.com/science/article/pii/S0098300416307063},
   doi     = {}
}

@article{2017_62,
   author  = {D. Jodlbauer and T. Wick},
   title   = {A monolithic FSI solver applied to the FSI 1,2,3 benchmarks},
   journal = {In: Fluid-Structure Interaction: Modeling, Adaptive Discretization and Solvers, S. Frei and B. Holm and T. Richter and T. Wick and H. Yang (eds.), Walter de Gruyter},
   year    = {2017},
   volume  = {},
   pages   = {},
   url     = {},
   doi     = {}
}

@article{2017_63,
   author  = {G. Kanschat and R. Lazarov and Y. Mao},
   title   = {Geometric Multigrid for Darcy and Brinkman models of flows in highly heterogeneous porous media: A numerical study},
   journal = {Journal of Computational and Applied Mathematics},
   year    = {2017},
   volume  = {310},
   pages   = {174--185},
   url     = {http://www.sciencedirect.com/science/article/pii/S0377042716302333},
   doi     = {}
}

@article{2017_65,
   author  = {A. Karrecha and F. Abbassi and H. Basarir and M. Attar},
   title   = {Self-consistent fractal damage of natural geo-materials in finite strain},
   journal = {Mechanics of Materials, pp. 107--120},
   year    = {2017},
   volume  = {104},
   pages   = {},
   url     = {https://www.degruyter.com/view/j/cmam.2016.16.issue-4/cmam-2016-0023/cmam-2016-0023.xml},
   doi     = {}
}

@article{Kauffman2017,
  doi = {10.1002/nme.5512},
  url = {https://doi.org/10.1002/nme.5512},
  year = {2017},
  month = mar,
  publisher = {Wiley},
  volume = {112},
  number = {5},
  pages = {403--433},
  author = {Justin A. Kauffman and Jason P. Sheldon and Scott T. Miller},
  title = {Overset meshing coupled with hybridizable discontinuous Galerkin finite elements},
  journal = {International Journal for Numerical Methods in Engineering}
}

@article{2017_67,
   author  = {B. Krank and N. Fehn and W. A. Wall and M. Kronbichler},
   title   = {A high-order semi-explicit discontinuous Galerkin solver for 3D incompressible flow with application to DNS and LES of turbulent channel flow},
   journal = {Journal of Computational Physics},
   year    = {2017},
   volume  = {348},
   pages   = {634--659},
   url     = {},
   doi     = {}
}

@article{2017_72,
   author  = {M. Kronbichler and K. Kormann and I. Pasichnyk and M. Allalen},
   title   = {Fast matrix-free discontinuous Galerkin kernels on modern computer architectures},
   journal = {ISC High Performance 2017, LNCS 10266},
   year    = {2017},
   volume  = {},
   pages   = {237--255},
   url     = {https://dx.doi.org/10.1007/978-3-319-58667-0_13},
   doi     = {}
}

@article{2017_73,
   author  = {M. Kronbichler and G. Kreiss},
   title   = {A phase-field microscale enhancement for macro models of capillary-driven contact point dynamics},
   journal = {The Journal for Computational Multiphase Flows},
   year    = {2017},
   volume  = {},
   pages   = {},
   url     = {http://dx.doi.org/10.1177/1757482X17700148},
   doi     = {}
}

@article{2017_75,
   author  = {S. Lee and M. F. Wheeler},
   title   = {Adaptive enriched Galerkin methods for miscible displacement problems with entropy residual stabilization},
   journal = {Journal of Computational Physics},
   year    = {2017},
   volume  = {331},
   pages   = {19--37},
   url     = {http://www.sciencedirect.com/science/article/pii/S0021999116305952},
   doi     = {}
}

@article{2017_77,
   author  = {S. Lee and M. F. Wheeler and T. Wick and S. Srinivasan},
   title   = {Initialization of phase-field fracture propagation in porous media using probability maps of fracture networks},
   journal = {Mechanics Research Communications, pp. 16--23},
   year    = {2017},
   volume  = {80},
   pages   = {},
   url     = {http://www.sciencedirect.com/science/article/pii/S0093641316300106},
   doi     = {10.1016/j.mechrescom.2016.04.002}
}

@article{2017_78,
   author  = {D. Li and M. Gurnis and G. Stadler},
   title   = {Towards adjoint-based inversion of time-dependent mantle convection with nonlinear viscosity},
   journal = {Geophysics Journal International},
   year    = {2017},
   volume  = {209},
   pages   = {86--105},
   url     = {},
   doi     = {}
}

@mastersthesis{2017_79,
   author  = {S. Lin},
   title   = {High Performance Techniques Applied in Partial Differential Equations Library},
   year    = {2017},
   school  = {St. Johns University},
   note    = {Honors thesis},
   url     = {}
}

@phdthesis{2017_80,
   author  = {K. Ljungkvist},
   title   = {Finite element computations on multicore and graphics processors},
   year    = {2017},
   school  = {University of Uppsala, Sweden}
}

@inproceedings{ljungkvist2017,
 author = {Ljungkvist, Karl},
 title = {Matrix-free Finite-element Computations on Graphics Processors with Adaptively Refined Unstructured Meshes},
 booktitle = {Proceedings of the 25th High Performance Computing Symposium},
 series = {HPC '17},
 year = {2017},
 isbn = {978-1-5108-3822-2},
 location = {Virginia Beach, Virginia},
 pages = {1:1--1:12},
 articleno = {1},
 numpages = {12},
 url = {http://dl.acm.org/citation.cfm?id=3108096.3108097},
 acmid = {3108097},
 publisher = {Society for Computer Simulation International},
 address = {San Diego, CA, USA}
}


@article{2017_81,
  author    = {Matthias Maier and Dionisios Margetis and Mitchell Luskin},
  title     = {Dipole excitation of surface plasmon on a conducting sheet: Finite element approximation and validation},
  journal   = {Journal of Computational Physics},
  year      = {2017},
  volume    = {339},
  pages     = {126--145},
  month     = {jun},
  doi       = {10.1016/j.jcp.2017.03.014},
  publisher = {Elsevier {BV}},
}

@article{McGovern2017,
  doi = {10.1007/s10596-017-9643-2},
  url = {https://doi.org/10.1007/s10596-017-9643-2},
  year = {2017},
  month = apr,
  publisher = {Springer Nature},
  volume = {21},
  number = {5-6},
  pages = {835--848},
  author = {Sean McGovern and Stefan Kollet and Claudius M. B\"{u}rger and Ronnie L. Schwede and Olaf G. Podlaha},
  title = {Novel basin modelling concept for simulating deformation from mechanical compaction using level sets},
  journal = {Computational Geosciences}
}

@mastersthesis{2017_83,
   author  = {M. Mentler},
   title   = {High performance implementation of one-field elasticity using the deal.II Finite Element library},
   year    = {2017},
   school  = {Friedrich-Alexander-Universit\"{a}t Erlangen-N\"{u}rnberg},
   url     = {}
}

@article{2017_84,
   author  = {A. Mola and L. Heitai and A. DeSimone},
   title   = {Wet and Dry Transom Stern Treatment for Unsteady and Nonlinear Potential Flow Model for Naval Hydrodynamics Simulations},
   journal = {Journal of Ship Research, no. 1},
   year    = {2017},
   volume  = {61},
   pages   = {1--14},
   url     = {http://texasamcolstattx.library.ingentaconnect.com/content/sname/jsr/2017/00000061/00000001/art00001},
   doi     = {}
}

@article{2017_85,
   author  = {S. H. Na and W.C. Sun},
   title   = {Computational thermo-hydro-mechanics for multiphase freezing and thawing porous media in the finite deformation range},
   journal = {Computer Methods in Applied Mechanics and Engineering},
   year    = {2017},
   volume  = {318},
   pages   = {667--700},
   url     = {http://www.sciencedirect.com/science/article/pii/S0045782516311240},
   doi     = {}
}

@article{2017_87,
   author  = {L. H. Ods\ae{}ter and M. F. Wheeler and T. Kvamsdal and M. G. Larson},
   title   = {Postprocessing of non-conservative flux for compatibility with transport in heterogeneous media},
   journal = {Computer Methods in Applied Mechanics and Engineering},
   year    = {2017},
   volume  = {315},
   pages   = {799--830},
   url     = {http://www.sciencedirect.com/science/article/pii/S0045782516303565},
   doi     = {}
}

@article{2017_88,
   author  = {G. Poy and F. Bunel and P. Oswald},
   title   = {Role of anchoring energy on the texture of cholesteric droplets: Finite-element simulations and experiments},
   journal = {Phs. Rev. E, article 012705},
   year    = {2017},
   volume  = {96},
   pages   = {},
   url     = {},
   doi     = {}
}

@phdthesis{2017_90,
   author  = {T. O. Quinelato},
   title   = {Mixed Hybrid Finite Element Methods in Elasticity and Poroelasticity},
   year    = {2017},
   school  = {Laborat\'{o}rio Nacional de Computa\c{c}\~{a}o Cient\'{i}fica, Brazil},
   url     = {}
}

@article{2017_91,
   author  = {D. Riedlbauer and T. Scharowski and R. F. Singer and P. Steinmann and C. K\"{o}rner and J. Mergheim},
   title   = {Macroscopic simulation and experimental measurement of melt pool characteristics in selective electron beam melting of Ti-6Al-4V},
   journal = {The International Journal of Advanced Manufacturing Technology},
   year    = {2017},
   volume  = {88},
   pages   = {1309--1317},
   url     = {},
   doi     = {}
}

@article{2017_92,
   author  = {S. Riehl and P. Steinmann},
   title   = {On structural shape optimization using an embedding domain discretization technique},
   journal = {International Journal for Numerical Methods in Engineering, issue 9},
   year    = {2017},
   volume  = {109},
   pages   = {1315--1343},
   url     = {http://onlinelibrary.wiley.com/doi/10.1002/nme.5326/full},
   doi     = {}
}

@article{2017_93,
   author  = {I. Rose and B. Buffett},
   title   = {Scaling rates of true polar wander in convecting planets and moons},
   journal = {Physics of the Earth and Planetary Interiors},
   year    = {2017},
   volume  = {273},
   pages   = {1--10},
   url     = {https://doi.org/10.1016/j.pepi.2017.10.003},
   doi     = {}
}

@article{2017_94,
   author  = {I. Rose and B. Buffett and T. Heister},
   title   = {Stability and accuracy of free surface time integration in viscous flows},
   journal = {Physics of the Earth and Planetary Interiors},
   year    = {2017},
   volume  = {262},
   pages   = {90--100},
   url     = {http://dx.doi.org/10.1016/j.pepi.2016.11.007},
   doi     = {}
}

@article{2017_95,
   author  = {S. Schoeder and M. Kronbichler and W. A. Wall},
   title   = {Photoacoustic Image Reconstruction: Material Detection and Acoustical Heterogeneities},
   journal = {Inverse Problems, No. 5},
   year    = {2017},
   volume  = {33},
   pages   = {},
   url     = {http://iopscience.iop.org/article/10.1088/1361-6420/aa635b/meta},
   doi     = {}
}

@article{2017_96,
   author  = {G. Scovazzi and M. F. Wheeler and A. Mikelic and S. Lee},
   title   = {Analytical and variational numerical methods for unstable miscible displacement flows in porous media},
   journal = {Journal of Computational Physics},
   year    = {2017},
   volume  = {335},
   pages   = {444--496},
   url     = {http://www.sciencedirect.com/science/article/pii/S0021999117300311},
   doi     = {}
}

@article{2017_97,
   author  = {J. Seydel and T. Schuster},
   title   = {Identifying the stored energy of a hyperelastic structure by using an attenuated Landweber method},
   journal = {ArXiv:1704.06559},
   year    = {2017},
   volume  = {},
   pages   = {},
   url     = {https://arxiv.org/abs/1704.06559},
   doi     = {}
}

@article{2017_98,
   author  = {K. Takeyama and T. R. Saitoh and J. Makino},
   title   = {Variable inertia method: A novel numerical method for mantle convection simulation},
   journal = {New Astronomy},
   year    = {2017},
   volume  = {50},
   pages   = {82--103},
   url     = {http://www.sciencedirect.com/science/article/pii/S138410761630046X},
   doi     = {}
}

@article{Toulopoulos2017,
  doi = {10.1137/16m1067792},
  url = {https://doi.org/10.1137/16m1067792},
  year = {2017},
  month = jan,
  publisher = {Society for Industrial {\&} Applied Mathematics ({SIAM})},
  volume = {39},
  number = {3},
  pages = {A681--A710},
  author = {Ioannis Toulopoulos and Thomas Wick},
  title = {Numerical Methods for Power-Law Diffusion Problems},
  journal = {{SIAM} Journal on Scientific Computing}
}

@article{2017_100,
   author  = {S. N. Verner and K. Garikipati},
   title   = {A computational study of the mechanisms of growth-driven folding patterns on shells, with application to the developing brain},
   journal = {arXiv:1709.05546},
   year    = {2017},
   volume  = {},
   pages   = {},
   url     = {https://arxiv.org/abs/1709.05546},
   doi     = {}
}

@Article{2017_102,
  author    = {A. Vidal-Ferr{\`{a}}ndiz and S. Gonz{\'{a}}lez-Pintor and D. Ginestar and G. Verd{\'{u}} and C. Demazi{\`{e}}re},
  title     = {Schwarz type preconditioners for the neutron diffusion equation},
  journal   = {Journal of Computational and Applied Mathematics},
  year      = {2017},
  volume    = {309},
  pages     = {563--574},
  month     = {jan},
  doi       = {10.1016/j.cam.2016.02.056},
  publisher = {Elsevier {BV}},
  url       = {http://www.sciencedirect.com/science/article/pii/S0377042716301157},
}

@article{2017_103,
   author  = {Z. Wang and J. B. Siegel and K. Garikipati},
   title   = {Intercalation driven porosity effects in coupled continuum models for the electrical, chemical, thermal and mechanical response of battery electrode materials},
   journal = {Journal of The Electrochemical Society, pp. A2199-A2212},
   year    = {2017},
   volume  = {164},
   pages   = {},
   url     = {},
   doi     = {}
}

@article{Wick2017a,
  doi = {10.1137/16m1063873},
  url = {https://doi.org/10.1137/16m1063873},
  year = {2017},
  month = jan,
  publisher = {Society for Industrial {\&} Applied Mathematics ({SIAM})},
  volume = {39},
  number = {4},
  pages = {B589--B617},
  author = {Thomas Wick},
  title = {An Error-Oriented {Newton}/Inexact Augmented {Lagrangian} Approach for Fully Monolithic Phase-Field Fracture Propagation},
  journal = {{SIAM} Journal on Scientific Computing}
}

@article{Wick2017b,
  doi = {10.1016/j.cma.2017.07.026},
  url = {https://doi.org/10.1016/j.cma.2017.07.026},
  year = {2017},
  month = oct,
  publisher = {Elsevier {BV}},
  volume = {325},
  pages = {577--611},
  author = {Thomas Wick},
  title = {Modified {Newton} methods for solving fully monolithic phase-field quasi-static brittle fracture propagation},
  journal = {Computer Methods in Applied Mechanics and Engineering}
}

@incollection{Wick2017c,
  doi = {10.1515/9783110494259-009},
  url = {https://doi.org/10.1515/9783110494259-009},
  year = {2017},
  month = nov,
  publisher = {De Gruyter},
  pages = {329--366},
  author = {Thomas Wick},
  title = {Coupling fluid-structure interaction with phase-field fracture: Algorithmic details},
  booktitle = {Fluid-Structure Interaction}
}

@article{2017_107,
   author  = {J. Wilmers and A. McBride and S. Bargmann},
   title   = {Interface elasticity effects in polymer-filled nanoporous metals},
   journal = {Journal of the Mechanics and Physics of Solids},
   year    = {2017},
   volume  = {99},
   pages   = {163--177},
   url     = {},
   doi     = {}
}

@article{2017_108,
   author  = {W. Zheng and R. G. McClarren},
   title   = {A Continuous-Discontinuous Hybrid Finite Element Method for S$_{\textnormal{N}}$ Transport},
   journal = {Transaction of American Nuclear Society},
   year    = {2017},
   volume  = {117},
   pages   = {647--649},
   url     = {},
   doi     = {}
}

@article{2017_110,
   author  = {W. Zheng and R. G. McClarren and J. E. Morel},
   title   = {An Accurate Globally Conservative Subdomain Discontinuous Least-Squares Scheme for Solving Neutron Transport Problems},
   journal = {Nuclear Science and Engineering},
   year    = {2017},
   volume  = {189},
   pages   = {259--271},
   url     = {https://www.tandfonline.com/doi/abs/10.1080/00295639.2017.1407592},
   doi     = {}
}

@article{2017_111,
   author  = {J. Zhou and A. Putz and M. Secanell},
   title   = {A Mixed Wettability Pore Size Distribution Based Mathematical Model for Analyzing Two-Phase Flow in Porous Electrodes I. Mathematical Model},
   journal = {Journal of The Electrochemical Society, issue 6, F530-F539},
   year    = {2017},
   volume  = {164},
   pages   = {},
   url     = {http://jes.ecsdl.org/content/164/6/F530.short},
   doi     = {}
}



@InProceedings{kodanganallur2016parallel,
  author    = {{Kodanganallur Narayanan}, Ramachandran},
  title     = {{Parallel Particle-in-Cell Performance Optimization: A Case Study of Electrospray Simulation}},
  booktitle = {2017 {IEEE} International Parallel and Distributed Processing Symposium Workshops ({IPDPSW})},
  year      = {2017},
  month     = {may},
  publisher = {{IEEE}},
  doi       = {10.1109/ipdpsw.2017.160},
}

@Article{2017_76,
  author    = {S. Lee and M. F. Wheeler and T. Wick},
  title     = {Iterative coupling of flow, geomechanics and adaptive phase-field fracture including level-set crack width approaches},
  journal   = {Journal of Computational and Applied Mathematics},
  year      = {2017},
  volume    = {314},
  pages     = {40--60},
  month     = {apr},
  doi       = {10.1016/j.cam.2016.10.022},
  publisher = {Elsevier {BV}},
  url       = {https://pdfs.semanticscholar.org/02aa/832e109562d3201aaab220f0b6e3a4ddddbb.pdf},
}

@Article{Chandrashekar2017a,
  author    = {Praveen Chandrashekar and Markus Zenk},
  title     = {Well-Balanced Nodal Discontinuous Galerkin Method for Euler Equations with Gravity},
  journal   = {Journal of Scientific Computing},
  year      = {2017},
  volume    = {71},
  number    = {3},
  pages     = {1062--1093},
  month     = {jan},
  doi       = {10.1007/s10915-016-0339-x},
  publisher = {Springer Nature},
}


@PhdThesis{JavierRamirezPhD2017,
  Title                    = {Time-dependent {S}tokes-{D}arcy Flow with Deposition},
  Author                   = {Javier Ruiz Ramirez},
  School                   = {Clemson University},
  Year                     = {2017},
  Url                      = {https://tigerprints.clemson.edu/all_dissertations/1968/}
}
@PhdThesis{MuhammadMohebujjamanPhD2017,
  Title                    = {Efficient Numerical Methods for Magnetohydrodynamic Flow},
  Author                   = {Muhammad Mohebujjaman},
  School                   = {Clemson University},
  Year                     = {2017},
  Url                      = {https://tigerprints.clemson.edu/all_dissertations/2027/}
}
@PhdThesis{RyanRGrovePhD2017,
  Title                    = {Discretizations \& Efficient Linear Solvers for Problems Related to Fluid Flow},
  Author                   = {Ryan R. Grove},
  School                   = {Clemson University},
  Year                     = {2017},
  Url                      = {https://tigerprints.clemson.edu/all_dissertations/1985/}
}

@mastersthesis{rave2017,
  author    = {Rave, Kevin},
  title     = {Kopplung von {OpenFOAM} und {deal.II} {G}leichungsl{\"o}sern mit {preCICE} zur {S}imulation multiphysikalischer {P}robleme},
  school    = {Universit{\"a}t Siegen},
  year      = {2017}
}

@TechReport{Ljungkvist2017b,
  Title                    = {{Multigrid for matrix-free finite element computations on graphics processors}},
  Author                   = {Ljungkvist, K and Kronbichler, M},
  Institution = {Uppsala University},
  Number = {2017-006},
  Year                     = {2017},
  Url                      = {https://pdfs.semanticscholar.org/924a/734d1e402f8b562e18c28a681baeaf10e34a.pdf}
}



@InProceedings{Luo,
  Title                    = {{Numerical simulation of temperature fields in powder bed fusion process by using hybrid heat source model}},
  Author                   = {Luo, Z and Zhao, YF},
  Journal                  = {sffsymposium.engr.utexas.edu},
  Year = {2017},
  Booktitle = {Proceedings of the 28th Annual International Solid Freeform Fabrication Symposium: An Additive Manufacturing conference},
  Url                      = {https://sffsymposium.engr.utexas.edu/sites/default/files/2017/Manuscripts/NumericalSimulationofTemperatureFieldsinPowd.pdf}
}


@TechReport{MohebujjamanNSE,
  Title                    = {{C++ parallel implementation of incompressible viscous time-dependent NSE simulation using projection method in Dealii}},
  Author                   = {Mohebujjaman, M},
  Institution                  = {Virginia Tech},
  Year = {2017},
  Url                      = {http://mmohebu.people.clemson.edu/PDFDocuments/project_HPC_Projection_Method_NSE.pdf}
}

@PhDThesis{Patty2017,
  Title                    = {{An Energy Formulation of Surface Tension or Willmore Force For Two-Phase Flow}},
  Author                   = {Patty, S.},
  School = {Texas A\&M University},
  Year                     = {2017},
  Url                      = {https://oaktrust.library.tamu.edu/handle/1969.1/165987}
}


@PhDThesis{Sabawi2017,
  Title                    = {{Adaptive discontinuous Galerkin methods for interface problems}},
  Author                   = {Sabawi, YA},
  Year                     = {2017},
  School = {University of Leicester},
 Url                      = {http://hdl.handle.net/2381/39386}
}

@PhDThesis{Seydel2017b,
  Title                    = {{Identifikation der Verzerrungsenergiedichte hyperelastischer Materialien aus zeitabh{\"{a}}ngigen Randmessungen}},
  Author                   = {Seydel, J.},
  Year                     = {2017},
 School = {Universit{\"a}t des Saarlandes},
  Url                      = {https://publikationen.sulb.uni-saarland.de/handle/20.500.11880/26795},
  Doi = {10.22028/D291-26782}
}

@PhDThesis{Shakir2017,
  Title                    = {{Multilevel Schwarz Methods for Incompressible Flow Problems}},
  Author                   = {Shakir, N.},
  Year                     = {2017},
  School = {Heidelberg University},
  Doi = {10.11588/heidok.00023210},
  Url                      = {http://archiv.ub.uni-heidelberg.de/volltextserver/id/eprint/23210}
}

@TechReport{Song2017,
  Title                    = {{Munition Penetration Depth Prediction}},
  Author                   = {Song, A. S. and West, B. A. and Taylor, O. D. S. and O'Connor, D. T.},
  Year                     = {2017},
  Url                      = {http://www.dtic.mil/get-tr-doc/pdf?AD=AD1039187},
  Institution = {US Army Corps of Engineers},
  Number = {SERDP SEED Project MR 2629}
}

@PhDThesis{Sutton2017,
  Title                    = {{Virtual Element Methods}},
  Author                   = {Sutton, O. J.},
  Year                     = {2017},
 School = {University of Leicester},
   Url                      = {https://lra.le.ac.uk/handle/2381/39955}
}

@PhDThesis{teichert2017mathematical,
  Title                    = {{Mathematical Framework and Numerical Methods for the Modeling of Mechanochemistry in Multi-Phase Materials}},
  Author                   = {Teichert, Gregory},
  Url = {http://hdl.handle.net/2027.42/138690},
  Year                     = {2017},
  School = {University of Michigan}
}

@PhDThesis{Valencia2017,
  Title                    = {{On Runge-Kutta discontinuous Galerkin methods for compressible Euler equations and the ideal magneto-hydrodynamical model}},
  Author                   = {J. P. {Gallego Valencia}},
  Year                     = {2017},
  School = {University of W{\"u}rzburg},
  Url                      = {https://www.researchgate.net/profile/Juan_Gallego-Valencia/publication/317093976_On_Runge-Kutta_discontinuous_Galerkin_methods_for_compressible_Euler_equations_and_the_ideal_magneto-hydrodynamical_model/links/592978060f7e9b9979a686c2/On-Runge-Kutta-discontinuous-Galerkin-methods-for-compressible-Euler-equations-and-the-ideal-magneto-hydrodynamical-model.pdf}
}

@PhDThesis{Versetzungskinematik,
  Title                    = {Continuum Dislocation Kinematics},
  Author                   = {Mehran Monavari},
  school                  = {Friedrich-Alexander-Universit{\"a}t Erlangen-N{\"u}rnberg},
  Year = {2017},
  Url                      = {https://opus4.kobv.de/opus4-fau/frontdoor/deliver/index/docId/8685/file/MehranMonavariDissertation.pdf}
}

@TechReport{Yoon2017,
  Title                    = {Multiscale Characterization of Structural, Compositional, and Textural Heterogeneity of Nano-porous Geomaterials},
  Institution = {Sandia National Laboratory},
  Author                   = {Yoon, H},
  Year                     = {2017},
 Url                      = {http://prod.sandia.gov/techlib/access-control.cgi/2017/1710273.pdf}
}

@InProceedings{Zhenga,
  Author = {W. Zheng and R. McClarren},
  Title                    = {A Continuous-Discontinuous Hybrid Finite Element Method for $S_N$ Transport},
  year                  = {2017},
  Booktitle = {Proceedings of the ANS Annual Meeting, San Francisco},
  Pages = {647--649},
  Url                      = {https://www.researchgate.net/profile/Weixiong_Zheng/publication/317620866_A_Continuous-Discontinuous_Hybrid_Finite_Element_Method_for_SN_Transport/links/5944120e45851525f890a9be/A-Continuous-Discontinuous-Hybrid-Finite-Element-Method-for-SN-Transport.pdf}
}

@mastersthesis{Boltersdorf:842585,
  author   = {Boltersdorf, Jana},
  title    = {{A}usarbeitung und {V}ergleich verschiedener {G}itterverfeinerungsstrategien hinsichtlich der parallelen {P}erformance eines {B}randsimulationsprogramms mit adaptiver {G}itterverfeinerung},
  school   = {Fachhochschule Aachen},
  reportid = {FZJ-2018-00798},
  pages    = {63 p.},
  year     = {2017},
  url      = {https://juser.fz-juelich.de/record/842585}
}

@mastersthesis{Kan,
  author = {Kan, Duygu},
  title  = {Finite element solution for 2-D and 3-D acoustic scattering problem},
  school = {\.{I}stanbul Teknik \"{U}niversitesi},
  year   = {2017},
  url    = {https://acikbilim.yok.gov.tr/handle/20.500.12812/128565}
}

@article{Goll2017,
  doi = {10.11588/ANS.2017.2.11815},
  url = {http://journals.ub.uni-heidelberg.de/index.php/ans/article/view/11815},
  author = {Goll, Christian and Wick, Thomas and Wollner, Winnifried},
  keywords = {goal oriented interface design; numerical solution of optimization problems and partial differential equations},
  language = {en},
  title = {{DOpElib}: Differential Equations and Optimization Environment; A Goal Oriented Software Library for Solving {PDEs} and Optimization Problems with {PDEs}},
  journal = {Archive of Numerical Software},
  volume = {Vol 5},
  pages = {No 2 (2017)},
  publisher = {Archive of Numerical Software},
  year = {2017}
}

@Comment{jabref-meta: databaseType:bibtex;}
