% Encoding: US-ASCII

@Article{2001_0,
  author    = {A. Barinka and T. Barsch and P. Charton and A. Cohen and S. Dahlke and W. Dahmen and K. Urban},
  title     = {Adaptive wavelet schemes for elliptic problems -- implementation and numerical experiments},
  journal   = {SIAM J. Sci. Comput.},
  year      = {2001},
  volume    = {23},
  pages     = {910--939},
  owner     = {Jean-Paul Pelteret},
  timestamp = {2018.11.20},
}

@Article{2001_1,
  author    = {W. Bangerth and R. Rannacher},
  title     = {Adaptive finite element techniques for the acoustic wave equation},
  journal   = {Journal of Computational Acoustics},
  year      = {2001},
  volume    = {9},
  pages     = {575--591},
  owner     = {Jean-Paul Pelteret},
  timestamp = {2018.11.20},
}

@Article{2001_2,
  author    = {R. Becker and R. Rannacher},
  title     = {An optimal control approach to a posteriori error estimation in finite element methods},
  journal   = {Acta Numerica 2001},
  journal   = {Acta Numerica 2001},
  year      = {2001},
  volume    = {10},
  pages     = {1--102},
  owner     = {Jean-Paul Pelteret},
  timestamp = {2018.11.20},
  url       = {http://journals.cambridge.org/action/displayAbstract?fromPage=online&aid=137195&fileId=S0962492901000010},
}

@Article{2001_3,
  author    = {B. Cockburn and G. Kanschat and Ilaria Perugia and D. Sch\"{o}tzau},
  title     = {Superconvergence of the Local Discontinuous Galerkin Method for Elliptic Problems on Cartesian Grids},
  journal   = {SIAM J. Numer. Anal.},
  year      = {2001},
  volume    = {39},
  pages     = {264--285},
  owner     = {Jean-Paul Pelteret},
  timestamp = {2018.11.20},
}

@Article{2001_4,
  author    = {R. Hartmann},
  title     = {Adaptive FE-Methods for Conservation Equations},
  journal   = {In Heinrich Freist\"{u}hler and Gerald Warnecke, eds. Hyperbolic problems: theory, numerics, applications: eighth international conference in Magdeburg, 2000. International series of numerical mathematics 141: 495-503. Birkh\"{a}user, Basel},
  year      = {2001},
  owner     = {Jean-Paul Pelteret},
  timestamp = {2018.11.20},
}

@MastersThesis{2001_5,
  author    = {T. Richter},
  title     = {Funktionalorientierte Gitteroptimierung bei der Finite-Elemente Approximation elliptischer Differentialgleichungen},
  school    = {University of Heidelberg},
  year      = {2001},
  owner     = {Jean-Paul Pelteret},
  timestamp = {2018.11.20},
}

@Comment{jabref-meta: databaseType:bibtex;}
