% Encoding: US-ASCII

@Article{2023:antonietti.caldana.ea:accelerating,
  author  = {Paola F. Antonietti and Matteo Caldana and Luca Ded{\`{e}}},
  title   = {Accelerating Algebraic Multigrid Methods via Artificial Neural Networks},
  journal = {Vietnam Journal of Mathematics},
  year    = 2023,
  month   = jan,
  doi     = {10.1007/s10013-022-00597-w},
  url     = {https://link.springer.com/article/10.1007/s10013-022-00597-w},
  publisher = {Springer Science and Business Media {LLC}},
  preprint = {https://arxiv.org/abs/2111.01629}
}

@Article{2023:bhagat.rudraraju:numerical,
  author  = {Bhagat, Kunal and Rudraraju, Shiva},
  title   = {A Numerical Investigation of Dimensionless Numbers Characterizing Meltpool Morphology of the Laser Powder Bed Fusion Process},
  journal = {Materials},
  year    = 2023,
  volume  = 16,
  number  = 1,
  pages   = 94,
  month   = jan,
  doi     = {10.3390/ma16010094},
  url     = {https://www.mdpi.com/1996-1944/16/1/94},
  publisher = {{MDPI} {AG}},
  preprint = {https://arxiv.org/abs/2211.06312}
}

@Article{2023:daunais.barbeau.ea:extensive,
  author  = {Carole-Anne Daunais and Lucka Barbeau and Bruno Blais},
  title   = {An extensive study of shear thinning flow around a spherical particle for power-law and {C}arreau fluids},
  journal = {Journal of Non-Newtonian Fluid Mechanics},
  year    = 2023,
  volume  = 311,
  pages   = 104951,
  month   = jan,
  doi     = {10.1016/j.jnnfm.2022.104951},
  url     = {https://www.sciencedirect.com/science/article/pii/S0377025722001707},
  publisher = {Elsevier {BV}}
}

@Article{2023:geitani.golshan.ea:toward,
  author  = {Toni El Geitani and Shahab Golshan and Bruno Blais},
  title   = {Toward High-Order {CFD}-{DEM}: Development and Validation},
  journal = {Industrial \& Engineering Chemistry Research},
  year    = 2023,
  month   = jan,
  doi     = {10.1021/acs.iecr.2c03546},
  url     = {https://pubs.acs.org/doi/10.1021/acs.iecr.2c03546},
  publisher = {American Chemical Society ({ACS})},
  preprint = {https://arxiv.org/abs/2211.01185}
}

@Article{2023:knoch.gahn.ea:multi-scale,
  author  = {Knoch, Jonas and Gahn, Markus and Neuss-Radu, Maria and Neu{\ss}, Nicolas},
  title   = {Multi-Scale Modeling and Simulation of Transport Processes in an Elastically Deformable Perforated Medium},
  journal = {Transport in Porous Media},
  year    = 2023,
  month   = jan,
  doi     = {10.1007/s11242-022-01896-z},
  url     = {https://link.springer.com/article/10.1007/s11242-022-01896-z},
  publisher = {Springer Science and Business Media {LLC}},
  preprint = {https://arxiv.org/abs/2206.06671}
}

@Article{2023:luo:fast,
  author  = {Chenyi Luo},
  title   = {Fast staggered schemes for the phase-field model of brittle fracture based on the fixed-stress concept},
  journal = {Computer Methods in Applied Mechanics and Engineering},
  year    = 2023,
  volume  = 404,
  pages   = 115787,
  month   = feb,
  doi     = {10.1016/j.cma.2022.115787},
  url     = {https://www.sciencedirect.com/science/article/pii/S0045782522007435},
  publisher = {Elsevier {BV}}
}

@Article{2023:munch.grayver:multi-scale,
  author  = {Federico D. Munch and Alexander Grayver},
  title   = {Multi-scale imaging of {3-D} electrical conductivity structure under the contiguous {US} constrains lateral variations in the upper mantle water content},
  journal = {Earth and Planetary Science Letters},
  year    = 2023,
  volume  = 602,
  pages   = 117939,
  month   = jan,
  doi     = {10.1016/j.epsl.2022.117939},
  url     = {https://www.sciencedirect.com/science/article/pii/S0012821X22005751},
  publisher = {Elsevier {BV}}
}

@Article{2023:orlando:filtering,
  author  = {Giuseppe Orlando},
  title   = {A filtering monotonization approach for {DG} discretizations of hyperbolic problems},
  journal = {Computers \& Mathematics with Applications},
  year    = 2023,
  volume  = 129,
  pages   = {113--125},
  month   = jan,
  doi     = {10.1016/j.camwa.2022.11.017},
  url     = {https://www.sciencedirect.com/science/article/abs/pii/S0898122122004801},
  publisher = {Elsevier {BV}}
}

@Article{2023:paula.igreja.ea:numerical,
  author  = {Filipe F. de Paula and Iury Igreja and Thiago Quinelato and Grigori Chapiro},
  title   = {A numerical investigation into the influence of the surfactant injection technique on the foam flow in heterogeneous porous media},
  journal = {Advances in Water Resources},
  year    = 2023,
  volume  = 171,
  pages   = 104358,
  month   = jan,
  doi     = {10.1016/j.advwatres.2022.104358},
  url     = {https://www.sciencedirect.com/science/article/pii/S0309170822002214},
  publisher = {Elsevier {BV}}
}

@Article{2023:vu.rodriguez.ea:high-accuracy,
  author  = {Vu, Nils L. and Rodriguez, Samuel and W{\l}odarczyk, Tom and Lovelace, Geoffrey and Pfeiffer, Harald P. and Bonilla, Gabriel S. and Deppe, Nils and H{\'e}bert, Fran{\c{c}}ois and Kidder, Lawrence E. and Moxon, Jordan and Throwe, William},
  title   = {High-accuracy numerical models of {B}rownian thermal noise in thin mirror coatings},
  journal = {Classical and Quantum Gravity},
  year    = 2023,
  volume  = 40,
  number  = 2,
  pages   = 025015,
  month   = jan,
  doi     = {10.1088/1361-6382/acad62},
  url     = {https://iopscience.iop.org/article/10.1088/1361-6382/acad62},
  publisher = {{IOP} Publishing},
  preprint = {https://arxiv.org/abs/2111.06893}
}

@Comment{jabref-meta: databaseType:bibtex;}
