% Encoding: US-ASCII

@article{Salvador2022,
  doi = {10.1016/j.compbiomed.2021.105203},
  url = {https://doi.org/10.1016/j.compbiomed.2021.105203},
  year = {2022},
  month = mar,
  publisher = {Elsevier {BV}},
  volume = {142},
  pages = {105203},
  author = {Matteo Salvador and Francesco Regazzoni and Stefano Pagani and Luca Dede{\textquotesingle} and Natalia Trayanova and Alfio Quarteroni},
  title = {The role of mechano-electric feedbacks and hemodynamic coupling in scar-related ventricular tachycardia},
  journal = {Computers in Biology and Medicine}
}

@Comment{jabref-meta: databaseType:bibtex;}
